2904 4830
174 157 239 222 308
673 153 705 208 A.
725 152 837 208 Warth:

174 318 344 386 convenire
367 326 432 384 874
451 325 511 383 ada
529 323 655 382 secunda
668 339 765 395 pocae
786 322 856 380 22112
873 320 1186 390 22222211222211022,·
1214 319 1385 379 similiter

218 434 267 491 ap.
285 414 353 473 Ter.
372 412 430 472 Cic.
450 412 521 472 Sall
544 411 619 487 Nep.
637 410 724 488 Prin,
743 411 779 470 21.
799 409 905 483 Georg.
924 409 981 468 lex.
995 426 1018 468 2.
1032 429 1060 470 r.
1073 408 1105 468 11
1122 409 1151 467 A
1172 411 1248 468 2α.
1435 451 1436 454 ,

175 496 325 580 copulare
339 521 429 577 saepo
443 500 609 560 nveniam:
630 501 703 576 222,
718 501 792 574 eoa,
808 500 903 576 1321,
919 499 1121 575 1331,1541,
1137 499 1250 576 2221,
1271 498 1385 574 2222,
1437 543 1438 588 ,

221 594 316 660 2291,
337 592 432 665 2318,
453 591 548 667 2326,
568 590 665 648 2572.
1437 603 1438 612 ’

175 673 368 760 22222222
391 689 518 738 aarum
544 679 754 753 1156,1196,
775 678 869 736 1226.

175 765 250 828 ante
268 773 322 826 aut
339 763 413 844 post
435 760 512 826 (1222
531 785 618 842 saepe
637 765 798 827 invenitur.

175 852 320 933 excipere
345 858 439 916 1193.

175 941 290 1022 ingere
303 949 336 1004 21
348 939 497 1022 iungere:
516 949 678 1019 utrumque
692 943 816 1002 verbnm
831 941 1006 1018 saepissime
1020 942 1193 1016 adhibetur,
1209 945 1250 1004 ut
1269 943 1385 1018 signi·

220 1035 300 1093 ficet:
320 1033 478 1093 adnectere
497 1052 561 1092 rem
579 1032 632 1107 rei,
651 1034 805 1092 conectere
823 1033 925 1107 partes
943 1031 1003 1108 rei,
1022 1034 1178 1091 conectere
1198 1051 1275 1090 rem
1301 1051 1386 1108 par-

220 1122 309 1182 tibus.
332 1123 412 1182 idem
430 1123 513 1184 valet
530 1121 567 1180 de
585 1120 754 1196 insequenti
772 1121 873 1180 verbo.

178 1205 287 1288 ligure
300 1236 340 1260 =
356 1213 505 1271 adnectere
518 1210 592 1284 375,
609 1211 682 1287 841,
698 1210 776 1285 855,
791 1233 834 1257 =
848 1213 990 1268 conectere
1003 1211 1055 1283 20,
1070 1210 1144 1285 815,
1160 1209 1237 1284 931,
1258 1211 1382 1286 1785,

221 1303 322 1378 2031,
340 1300 396 1360 hoc
409 1300 535 1360 verbum
553 1301 623 1374 post
640 1301 747 1373 poetae
765 1301 935 1374 temporum
949 1297 1081 1375 Augusti
1100 1297 1193 1356 etiam
1213 1297 1248 1356 in
1266 1316 1382 1374 prosa

221 1389 356 1450 oratione
373 1389 533 1448 invenitur.

174 1472 249 1537 ante
268 1481 321 1537 eut
338 1472 412 1554 post
430 1470 546 1536 locare.

174 1562 300 1626 necare
315 1590 358 1613 =
372 1568 520 1626 2212221222
539 1566 601 1626 539
623 1568 654 1624 21
673 1566 747 1625 808.

175 1652 375 1732 postponere.

175 1736 364 1821 praecedere
383 1746 470 1803 2290
487 1744 641 1817 praecedet
659 1759 724 1816 erpo
742 1743 858 1816 quando
877 1759 939 1802 erce
956 1743 1129 1814 iambicum·
1147 1742 1204 1801 hoe
1222 1742 1374 1802 verbum

221 1833 301 1908 apud
320 1831 379 1891 Cic.
398 1831 470 1891 Sall.
487 1831 563 1907 Nep.
578 1831 648 1890 Tac.
666 1849 727 1890 non
745 1833 853 1908 exstat,
872 1831 965 1890 semel
983 1830 1062 1906 apud
1077 1829 1249 1908 Caesarem3
1271 1832 1375 1908 apud

220 1921 339 1981 Livium
360 1925 391 1980 et
407 1922 590 1996 posteriores
609 1919 812 1980 accusativum
830 1920 919 1995 ragit,
938 1920 975 1979 21.
997 1919 1094 1979 Krebs
1113 1936 1136 1977 s.
1150 1938 1178 1980 2.

179 2003 375 2089 1212211122
394 2033 437 2056 ==
456 2013 523 2068 ante
547 2010 656 2066 locatus
681 2010 757 2082 159,
778 2011 856 2085 291,
882 2010 960 2084 533,
980 2009 1058 2085 544,
1078 2010 1155 2086 632,
1176 2011 1255 2084 704,
1280 2012 1372 2086 717,

223 2101 296 2176 729,
316 2100 389 2174 753,
411 2099 482 2176 792,
504 2099 599 2169 1015,
618 2099 719 2173 2075,
742 2097 830 2156 huius
849 2115 922 2156 usus
946 2097 1082 2173 exempla
1104 2097 1199 2156 lexico
1216 2115 1279 2156 non
1301 2101 1369 2158 ad·
1444 2095 1445 2102 '

221 2187 336 2264 ferunt,
361 2188 529 2245 sedunum
553 2186 714 2244 Frontonis
737 2185 849 2259 locum,
872 2186 1015 2261 quattuor
1041 2185 1165 2262 Apulei,
1188 2183 1242 2243 ubi
1268 2186 1369 2246 idem

221 2276 303 2336 22121
321 2276 400 2351 quod
413 2277 608 2349 praepositus.
646 2274 705 2334 Sed
725 2277 809 2334 2691
831 2275 910 2352 quod
932 2274 1058 2350 legitur:
1082 2291 1203 2347 2222222
1226 2273 1367 2347 (2222221-

221 2364 305 2437 num)
324 2365 443 2422 22222112
461 2382 526 2422 cum
538 2364 678 2436 praedita
694 2364 811 2430 21212222,
825 2364 913 2422 stabit
930 2365 1097 2422 2221122222
1115 2359 1265 2436 (marran)
1286 2381 1367 2424 oon-

221 2453 311 2511 eimilt’
324 2454 416 2521 mode,
431 2452 504 2511 ferri
515 2469 602 2527 posse
611 2450 684 2510 mihi
695 2471 754 2512 non
763 2451 896 2527 ridetnr3
909 2452 1022 2512 conicio
1030 2453 1152 2525 prodita
1162 2453 1214 2509 aut
1223 2451 1364 2513 reddita.

178 2539 350 2618 tpraeesso
376 2543 461 2602 1330
488 2543 500 2600 1
519 2546 582 2600 212
608 2558 667 2600 222
691 2541 743 2599 hoc
759 2541 907 2607 22125221,
930 2543 990 2599 siue
1006 2543 1142 2614 praesint
1163 2540 1261 2617 alteri,
1285 2540 1309 2602 i.
1334 2563 1364 2602 e.

224 2630 414 2706 praepositae
433 2630 507 2704 sint3
524 2646 672 2706 nusquam
691 2628 830 2688 similiter
848 2632 1019 2704 usurpatur.

177 2711 378 2796 tpraeforre:
401 2719 565 2778 metrorum
583 2717 705 2777 lieentia
728 2735 799 2776 usus
820 2707 884 2777 944
907 2717 995 2776 dixit:
1020 2717 1069 2790 (X
1088 2716 1197 2791 littera)
1217 2721 1363 2780 22222212

216 2808 388 2882 praefertur
405 2813 517 2873 autem,
536 2825 602 2866 cam
619 2808 762 2879 dirempta
779 2807 893 2879 syllaba
911 2811 952 2864 est
973 2809 1100 2866 nominis
1122 2808 1234 2866 2225122
1256 2809 1362 2877 aius,

223 2914 287 2955 2222
300 2897 419 2955 Latinis
437 2912 530 2954 222222
548 2898 599 2964 stt,
619 2894 739 2968 ecpult
758 2911 822 2953 2222
841 2895 903 2954 dico
921 2887 972 2974 (de
990 2894 1230 2970 interpunctione
1244 2912 1360 2956 versus

224 2986 288 3044 945
303 2985 341 3043 21.
354 2983 482 3044 indicem
495 2983 749 3060 praepositionum
764 3001 786 3042 s.
801 3003 828 3043 2.
843 2973 936 3065 2222);
954 3002 1051 3060 neque
1066 2983 1144 3043 enim
1159 2984 1197 3044 ab
1211 2981 1279 3043 aliis
1292 2983 1361 3046 hoc

222 3073 348 3133 verbum
367 3073 409 3132 sie
426 3077 598 3149 usurpatur.

178 3155 389 3237 †praefioere:
412 3166 576 3241 metrorum
595 3180 685 3221 eausa
702 3160 807 3221 formis
825 3160 992 3238 trisyllabis
1010 3163 1149 3237 praeficit
1174 3163 1206 3221 et
1222 3164 1360 3236 praefici

223 3249 421 3308 Terentianus
439 3249 602 3308 insolenter
627 3250 665 3307 ad
684 3250 819 3309 ordinem
837 3250 1011 3308 litterarum
1029 3249 1260 3326 significandum
1277 3267 1357 3312 usus

222 3340 269 3398 est
288 3338 362 3413 648,
382 3336 455 3414 872,
475 3337 548 3410 885,
568 3339 641 3413 912,
663 3338 734 3397 935.

177 3419 361 3503 praelocare
384 3426 517 3484 litteram
538 3428 610 3501 290,
630 3427 703 3499 501,
730 3426 866 3486 litteram
884 3425 1006 3487 litterae
1026 3429 1103 3502 529,
1123 3429 1202 3502 643;
1231 3445 1355 3504 semper

223 3557 242 3567 -
259 3539 278 3566 υ
295 3558 313 3567 -
330 3519 437 3572 22212
456 3533 611 3573 caesuram
629 3515 792 3590 septenarii
812 3515 962 3576 trochaici.
986 3515 1132 3576 Similiter
1150 3515 1311 3576 adhibetur
1331 3535 1352 3576 a

222 3601 310 3662 Mart
331 3600 401 3678 Cap.
417 3602 445 3659 V
465 3604 543 3679 522,
562 3603 708 3661 translate
727 3603 764 3661 ab
783 3602 956 3679 Augustino
975 3603 1012 3662 de
1031 3623 1096 3681 gen.
1116 3605 1277 3680 22111117,
1297 3606 1351 3666 17.

178 3684 413 3771 epraenittero
422 3691 563 3764 litteram,
574 3709 704 3768 versum,
719 3691 782 3750 sim.
793 3715 836 3738 =
844 3709 1025 3766 praeponere
1030 3713 1042 3763 ;
1055 3696 1175 3768 praeter
1184 3691 1349 3754 infinitivus

217 3782 404 3852 praemittere
418 3781 483 3839 514
498 3785 528 3839 21
543 3781 629 3839 2977
645 3783 676 3838 21
687 3783 840 3854 praemitti
855 3783 916 3840 671
934 3781 988 3854 (Μ
997 3780 1142 3855 permitti)
1157 3782 1348 3857 participium

217 3871 401 3940 praemissas
422 3869 494 3946 725,
515 3869 609 3944 1803,
630 3870 841 3944 1933,1940,
862 3870 947 3930 2712
968 3869 1080 3945 legitur
1099 3863 1263 3949 (nusquam
1281 3887 1349 3929 oum

223 3954 284 4015 dat.
303 3948 517 4036 coniungitur).
549 3957 631 4032 Ergo
649 3961 803 4031 corpeeetct
821 3975 910 4017 sensu
929 3958 1018 4018 locali
1037 3959 1116 4034 apud
1136 3958 1348 4018 Terentianum

224 4047 278 4102 aut
292 4043 444 4117 praeditus
463 4046 516 4102 aut
530 4043 714 4117 praecissus
732 4049 792 4122 221,
810 4048 901 4122 prout
919 4049 1015 4107 metro
1033 4047 1197 4123 flagitatur.
1227 4046 1274 4106 Ne
1292 4046 1347 4106 hoe

224 4132 478 4208 quidemrerbum
493 4131 531 4191 ab
547 4133 614 4192 aliis
629 4134 733 4192 eodem
744 4153 835 4193 sensu
845 4134 1016 4212 adhibetur3
1032 4134 1067 4194 cf.
1079 4135 1170 4194 etiam
1180 4134 1278 4196 Krebs
1288 4154 1311 4196 2.
1321 4154 1348 4196 2.

179 4231 372 4298 praeponere
391 4221 510 4297 saepius
530 4224 564 4279 ut
582 4223 662 4297 apud
681 4223 809 4298 optimos
829 4223 996 4297 scriptores.

181 4303 285 4384 aequi,
299 4309 335 4368 21.
349 4309 476 4367 indicem
491 4309 745 4384 praepositionum
765 4327 786 4369 a.
801 4330 827 4370 2.
841 4315 918 4383 post.
