2904 4830
437 149 480 203 De
498 147 659 204 Terentiani
677 165 802 206 sermone
822 151 851 204 et
869 151 971 206 aetate.
1093 208 1095 216 ,
1163 153 1171 176 ”
1221 153 1294 217 297·

112 317 224 396 videri,
242 321 280 377 ut
297 317 388 378 etiam
406 316 438 376 in
456 337 505 379 vv.
521 319 605 377 1973
622 322 652 378 et
668 320 753 378 2528
773 319 927 394 proprium
945 320 1001 380 hoc
1019 321 1111 381 verbo
1130 325 1287 397 poetarum

112 426 214 483 genus
235 407 396 485 significari
413 425 474 467 nou
492 408 653 467 temerarie
669 409 708 466 sit
722 409 879 472 sententia.
912 409 959 468 Ab
974 411 1071 468 altera
1084 413 1186 469 autem
1200 415 1285 486 parte

113 497 201 572 apud
224 495 395 556 Diomedem
421 495 472 556 Gr.
491 496 525 554 L.
544 496 559 554 Ι
579 498 656 575 514,
671 497 712 556 23
738 489 911 578 (postquam
938 500 1028 574 paulo
1057 501 1125 558 ante
1149 499 1286 578 Serenus,

114 585 292 644 Terentiam
310 581 443 662 aequalis
454 577 487 664 ¹),
507 587 756 646 commemoratus
776 579 829 666 sit)
850 589 880 647 et
899 589 973 665 516,
989 589 1030 646 24
1050 591 1081 647 01
1101 589 1173 666 517,
1189 591 1207 648 3
1227 592 1286 648 ter·

112 674 233 733 minum
252 674 326 733 artis
343 677 478 734 neoterici
494 674 565 750 legi.
603 675 666 734 Hos
684 674 787 753 igitur,
806 694 873 734 cum
892 679 991 735 certus
1006 678 1162 753 statusque
1182 696 1285 737 sensus

111 762 219 824 verbis
242 763 326 842 insit,
351 763 469 823 eosdem
493 782 558 823 esse
581 782 654 839 quos
678 763 877 824 Terentianus
899 767 1024 825 novellos
1047 759 1285 848 appellaverim).

208 851 266 910 Sed
284 870 351 911 oum
365 852 438 910 haec
452 852 668 935 probabilitate
683 853 811 929 quadam
824 873 885 912 nou
899 856 1029 932 careant,
1043 873 1119 929 quae
1134 853 1171 914 de
1184 858 1284 914 aetate

113 941 276 1016 postauam
303 941 489 1001 novellorum
517 941 637 1000 Schultz
665 941 832 1016 contendit,
858 942 918 1001 iam
943 962 1003 1002 non
1031 943 1130 1001 omnia
1157 944 1285 1019 probare

111 1048 248 1104 possum.
281 1031 360 1088 Nam
385 1030 463 1105 quod
487 1027 576 1088 Gellii
594 1031 692 1090 locum
707 1030 781 1089 XIII
796 1033 847 1109 27,
868 1033 886 1090 3
907 1033 937 1090 01
956 1031 1052 1092 Servii
1071 1031 1109 1090 ad
1127 1030 1200 1092 Aen.
1209 1031 1285 1090 VIII

115 1120 181 1178 731
203 1118 426 1178 adnotationem
445 1118 572 1178 eProbo
592 1121 742 1194 sumptam
762 1119 800 1177 ad
819 1119 940 1179 eosdem
959 1120 1054 1179 refert
1072 1123 1103 1180 et
1121 1121 1176 1179 hoc
1195 1139 1284 1196 argu-

112 1210 218 1266 mento
233 1226 305 1267 usus
319 1210 423 1282 poetas
438 1207 572 1268 novellos
586 1207 655 1266 inde
670 1207 708 1266 ab
723 1226 799 1267 anno
814 1206 847 1266 1..
862 1209 1034 1284 ferensque
1049 1209 1087 1267 ad
1101 1227 1212 1268 annum
1226 1208 1285 1271 CL.
1378 1247 1381 1254 .

112 1296 211 1355 fuisse
229 1296 397 1372 contendit,
419 1298 500 1354 recte
518 1315 536 1355 a
554 1296 655 1356 Leone
674 1297 776 1356 Herm.
795 1297 894 1355 XXIV
910 1298 973 1358 294
993 1297 1061 1358 adn.
1081 1300 1099 1355 2
1119 1298 1167 1357 his
1185 1299 1285 1358 verbis

73 1461 77 1466 Ι
113 1385 306 1460 vituperatus
321 1387 380 1444 est:
400 1385 458 1444 Die
471 1384 576 1444 Stellen
595 1404 650 1444 uus
663 1385 785 1460 Probus,
804 1385 911 1463 inquit,
928 1404 966 1446 eu
982 1387 1080 1460 Verpil
1097 1388 1159 1445 usne
1173 1386 1286 1448 Gellius

113 1477 253 1534 benciseu
275 1475 387 1548 freiiiclr
410 1474 518 1544 mahta·
546 1477 588 1533 sie
612 1475 745 1546 betrcffen
769 1476 814 1533 die
832 1470 985 1548 νεώτεροι
1008 1476 1060 1534 der
1077 1475 1285 1546 Homerleritilc,

114 1565 179 1623 und
196 1582 228 1623 so
246 1565 321 1623 niret
339 1581 370 1622 es
386 1564 568 1637 rueifelbast,
586 1565 621 1622 ob
639 1563 828 1639 Pomponius,
850 1563 958 1623 Seneca
976 1567 1038 1623 unet
1056 1565 1160 1624 Petron
1177 1583 1214 1624 eu
1232 1567 1287 1624 den

113 1653 261 1712 Necterici
276 1643 439 1729 peledren.³)

207 1741 266 1800 Sed
289 1741 522 1816 disputationem
547 1759 632 1800 suam
652 1739 771 1800 Schultz
795 1759 830 1800 ea
849 1759 882 1800 re
902 1741 1070 1801 confirmari
1088 1744 1185 1818 putat,
1204 1742 1283 1818 quod

116 1830 317 1889 Terentianus
337 1829 507 1888 Annianum
523 1829 612 1889 Gellii
631 1821 820 1912 aequalem4)
838 1831 936 1905 poetis
955 1831 1080 1890 novellis
1100 1831 1284 1890 adnumeret.

116 1919 196 1978 Huic
220 1920 298 1978 enim
327 1919 380 1978 illa
402 1920 485 1978 docta
508 1919 629 1978 Falisca
652 1939 670 1977 a
693 1919 870 1978 Terentiano
894 1939 921 1980 v.
943 1921 1027 1978 1998
1055 1924 1287 1980 commemorata

115 2010 220 2066 contra
238 2007 463 2066 Lachmannum
485 2007 556 2067 Luc.
575 2007 704 2066 Mueller
722 2008 754 2066 in
772 2008 848 2068 Mus.
867 2007 959 2067 Rhen.
980 2007 1064 2065 XXV
1079 2009 1141 2067 337
1154 2027 1217 2085 sqq.
1239 2027 1286 2067 ao-

115 2100 221 2156 curata
248 2097 338 2155 huius
372 2096 430 2156 loci
462 2100 493 2155 et
524 2115 628 2157 versus
656 2098 740 2156 1816
774 2096 1021 2173 interpretatione
1053 2097 1195 2156 instituta
1220 2097 1285 2155 iure

115 2184 257 2244 attribuit
276 2189 307 2244 et
324 2185 525 2260 posteriorum
544 2185 580 2244 de
600 2186 707 2244 horum
725 2204 866 2245 versuum
885 2186 1007 2244 auctore
1025 2185 1197 2244 testimonia
1216 2188 1250 2244 ut
1269 2205 1285 2244 e

116 2274 298 2334 Terentiano
326 2292 432 2350 parum
460 2274 613 2334 intellecto
637 2276 757 2350 sumpte
778 2274 856 2332 nihil
877 2275 979 2334 valere
1003 2273 1142 2332 ostendit.
1184 2274 1285 2350 Atque
1347 2267 1351 2275 ’

116 2381 296 2440 quamquam
319 2362 439 2422 Schultz
467 2381 665 2439 praepropere
693 2363 846 2423 contendit
874 2363 925 2438 qui
949 2362 1082 2422 carmina
1103 2367 1193 2423 novet
1217 2381 1284 2421 eum

209 2553 234 2614 1)
254 2549 294 2604 ef.
312 2568 339 2606 v.
359 2555 443 2605 1891:
462 2549 610 2619 Septimius
628 2551 677 2619 qui
694 2551 806 2620 scripsit
824 2551 956 2621 opuscula
973 2567 1069 2618 nuper.

206 2624 233 2686 2)
254 2621 402 2676 Frontonis
420 2622 514 2676 locum
531 2639 559 2690 p.
580 2626 631 2675 153
650 2621 690 2676 Ne
710 2621 824 2676 elocutio
842 2621 948 2676 novella
967 2619 1080 2675 Schultz
1098 2619 1231 2689 neglexit.

205 2692 233 2761 3)
250 2691 310 2746 Hoc
325 2693 398 2746 enim
414 2691 527 2746 Schultz
548 2691 737 2746 contenderat.
762 2693 817 2746 Sed
830 2692 992 2747 Petronium
1012 2690 1210 2747 aTerentiano
1229 2709 1285 2747 non

116 2763 146 2817 in
164 2777 260 2817 eorum
279 2780 394 2818 numero
413 2763 512 2817 haberi
530 2761 588 2816 iarn
606 2777 622 2817 0
641 2781 686 2817 vv.
705 2768 775 2818 2528
796 2781 857 2831 sqq.
877 2779 1012 2832 apparere
1030 2761 1150 2833 videtur,
1170 2763 1204 2818 01.
1220 2763 1285 2819 adn.

116 2835 201 2904 paulo
220 2851 304 2904 supra
323 2835 359 2888 ad
377 2854 404 2890 v.
419 2839 488 2888 2531
508 2834 613 2889 datam.
650 2834 743 2902 Atque
762 2833 850 2888 etiam
867 2833 1017 2903 Pomponii
1035 2832 1167 2902 aequales
1186 2835 1285 2903 poetas

116 2907 225 2960 veteres
243 2905 388 2960 nominare
401 2905 513 2960 videtur
529 2909 597 2960 1969
608 2921 648 2973 sq.
676 2904 796 2960 Veniam
812 2905 887 2960 enim
901 2906 981 2975 petii,
997 2905 1144 2974 quodiam
1158 2906 1286 2975 exempla

114 2975 227 3031 novella
245 2975 391 3031 adlaturus
411 2975 456 3031 sit.
492 2976 590 3044 Neque
609 2977 721 3031 omnino
739 2992 790 3046 per
814 2977 926 3031 centum
944 2975 1008 3030 illos
1027 2991 1115 3030 annos
1133 2976 1225 3045 poesie
1244 2976 1286 3030 ita

117 3047 273 3114 constabat,
292 3050 324 3102 ut
342 3063 397 3101 uno
416 3047 529 3101 nomine
547 3047 639 3101 totum
662 3046 734 3101 illud
755 3064 842 3116 genus
862 3063 879 3100 a
897 3046 1066 3100 Terentiano
1086 3047 1286 3116 comprehendi

115 3121 217 3188 posset.
254 3119 352 3187 ltaque
371 3118 456 3172 etiam
475 3119 528 3172 hoo
544 3116 679 3172 Schultzii
697 3118 804 3171 dictum
822 3116 852 3185 (1.
867 3135 890 3170 0.
905 3135 932 3187 p.
948 3118 1027 3185 268):
1048 3118 1094 3170 Im
1113 3118 1207 3172 letzten
1220 3117 1286 3173 Vers

114 3190 220 3245 maden
244 3189 333 3244 Varro
356 3191 416 3244 und
434 3188 548 3243 Arbiter
570 3189 734 3244 onbundcn.
771 3189 907 3244 Letaterer
930 3189 966 3244 ist
990 3188 1123 3244 Vertreter
1147 3189 1195 3244 der
1213 3189 1285 3244 Neo-

114 3261 193 3316 terici
210 3260 381 3315 reiciendum
400 3260 452 3314 est.
491 3259 588 3327 Neque
612 3259 734 3315 concedo
758 3261 794 3314 ad
813 3260 935 3314 Senecae
954 3260 1108 3314 metrorum
1126 3260 1284 3329 anapaesti-

116 3349 211 3386 corum
230 3331 371 3400 exemplar
389 3347 462 3386 saec.
477 3330 511 3385 11.
526 3331 626 3398 poetas
645 3348 695 3385 sua
709 3331 829 3384 finxisse.
867 3330 940 3384 Nam
956 3329 1077 3385 Senecae
1090 3346 1195 3399 versus,
1210 3331 1285 3399 quod

116 3419 173 3456 non
191 3400 281 3456 solum
295 3401 433 3469 dactylos,
448 3402 497 3456 sed
511 3401 597 3455 etiam
613 3401 699 3456 verba
712 3399 775 3470 ipsa
789 3399 930 3468 dactylica
943 3417 993 3469 pro
1008 3400 1167 3469 anapaestis
1181 3401 1284 3470 posuit,

119 3473 334 3542 aposteriorum
349 3474 496 3542 poetarum
511 3473 695 3540 anapaesticis
709 3473 836 3526 dulcibus
849 3473 941 3526 maris
957 3471 1002 3542 (cf.
1018 3473 1050 3525 T.
1065 3489 1091 3525 v.
1108 3471 1187 3539 1813)
1201 3472 1285 3541 longe

118 3544 221 3599 diversi
239 3546 311 3613 sunt,
330 3543 462 3612 qnoniam
481 3541 511 3596 hi
526 3541 611 3597 araim
625 3542 771 3613 anapaesti
786 3573 818 3583 —
833 3541 952 3598 fortasse
971 3541 1047 3611 quod
1065 3558 1084 3595 a
1101 3557 1183 3596 versu
1202 3542 1280 3597 hero-

118 3617 160 3670 ico
183 3617 303 3670 metrum
327 3613 538 3683 anapaesticum
557 3614 724 3669 derivabant
741 3645 778 3654 -
795 3614 825 3668 iu
848 3615 917 3668 duas
942 3615 1041 3668 breves
1060 3613 1211 3668 dissolvere
1229 3629 1284 3667 non

119 3687 259 3754 solebant,
282 3685 312 3739 id
335 3686 410 3754 quod
434 3684 554 3740 Senecae
578 3689 693 3754 propter
716 3686 835 3740 formam
859 3685 1043 3739 acatalectam
1065 3701 1195 3738 versuum
1218 3699 1284 3739 ena·

119 3757 306 3882 pqeqqicorum
325 3755 467 3881 6111101ὲί00
485 3760 553 3810 erat.
591 3757 691 3880 ltaqqlq
708 3773 780 3881 quate
799 3754 1010 3880 deimitatioeqe
1030 3755 1150 3880 80110οῑἳο
1170 3755 1285 3879 SchulItlz

117 3845 173 3884 100
219 3845 293 3882 vana
312 3843 407 3882 essee
439 3845 503 3882 cum
523 3844 636 3882 ommno
693 3845 739 3881 um
777 3843 914 3881 erminum
952 3843 967 3881 o
993 3843 1025 3881 ae
1041 3841 1230 3881 0100010000.
1279 3868 1284 3880 .

118 3901 200 3954 fixum
225 3899 310 3954 fuisse
338 3897 410 3952 mihi
436 3913 493 3952 non
520 3896 604 3968 plane
632 3901 739 3953 certum
766 3897 816 3965 sit,
841 3915 904 3952 cum
932 3843 1026 3951 Ieoue
1054 3896 1073 3951 l.
1097 3912 1121 3952 c.
1144 3900 1243 3967 poetas
1267 3914 1285 3950 a

118 3969 283 4025 Terentiano
307 3969 426 4024 novellos
449 3968 607 4025 nominatos
633 3968 803 4039 imperatore
820 3967 964 4022 Hadriano
986 3984 1043 4021 non
1066 3968 1173 4037 priores
1195 3965 1283 4022 fuisse

118 4043 193 4112 puto.
221 4041 320 4109 Neque
340 4039 423 4094 aliter
437 4036 572 4108 Ribbeck,
594 4037 694 4096 (100011.
710 4037 969 4108 d.rtm.Diehtuug
981 4038 1081 4093 111921
1093 4055 1153 4106 sqq.
1167 4037 1283 4094 iudicat.

203 4115 232 4180 4)
252 4110 292 4166 cf.
312 4110 383 4166 Geli.
403 4109 454 4164 XX
474 4115 503 4165 8:
526 4110 678 4166 Annianus
702 4117 784 4180 poeto
806 4112 839 4164 in
866 4111 956 4177 fundo
978 4125 1041 4178 suo,
1064 4126 1140 4179 quem
1163 4110 1195 4162 iu
1217 4125 1284 4180 apro

119 4183 230 4239 Falisco
245 4184 411 4251 possidebat,
430 4183 537 4252 aptiore
555 4188 615 4238 erat
632 4184 730 4238 solitus
746 4182 910 4239 vindemiam
928 4183 1016 4236 hilare
1034 4187 1114 4249 atque
1127 4181 1283 4236 amoeniter.

118 4256 161 4309 Ad
180 4272 223 4310 eos
241 4256 299 4309 dies
317 4271 357 4308 me
375 4259 400 4307 et
418 4255 549 4322 quosdam
567 4254 630 4308 item
648 4254 720 4308 alios
741 4254 895 4320 familiares
912 4252 1032 4319 uocauit,
1055 4256 1140 4320 atque
1160 4251 1284 4306 eiusdem

23 4373 29 4385 .
119 4326 181 4379 117
202 4323 335 4381 0111110
355 4322 460 4378 mentio
479 4323 520 4377 fit.
