2904 4830
424 186 465 241 De
483 183 646 241 ‘terentiani
663 199 789 242 sermone
807 183 837 242 et
855 184 958 240 aetate.
1210 149 1274 243 301

560 439 563 444 ’
670 420 713 488 ΙΙ.

532 567 596 641 DE
625 566 860 642 SERMONE.

577 733 803 792 Prooemium.

201 854 322 917 Saeculo
340 859 409 933 post
424 855 492 916 Chr.
506 876 535 918 n.
551 856 679 916 secundo
699 858 779 916 artes
799 856 896 932 magis
914 855 1072 932 magisque
1090 853 1277 914 labebantur.

104 947 190 1006 Nam
209 965 387 1023 quamquam
410 946 561 1023 prioribus
584 945 768 1023 principibus
792 945 963 1004 crudelibus
988 945 1056 1004 boni
1080 945 1276 1020 imperatores

106 1039 316 1096 successerant
334 1038 366 1094 et
384 1038 521 1112 tempora
538 1037 619 1094 laeta
638 1038 728 1111 atque
754 1053 858 1094 secura
877 1035 957 1094 facta
975 1037 1074 1110 erant,
1092 1036 1193 1092 tamen
1217 1034 1279 1108 pri-

107 1125 192 1186 stina
210 1125 300 1184 elatio
320 1127 350 1185 11
364 1125 539 1200 magnitudo
555 1124 721 1185 animorum
735 1142 795 1184 non
808 1124 1047 1185 revertebantur.
1072 1121 1130 1181 Sed
1145 1121 1170 1181 si
1185 1122 1279 1181 solam

107 1213 376 1289 iurisprudentiam
396 1215 570 1292 excipimus,
594 1232 695 1273 omnes
719 1216 799 1273 artes
819 1216 850 1272 et
873 1213 1044 1272 litterarum
1065 1211 1279 1287 studiamagis

108 1303 269 1381 magisque
288 1303 403 1362 sterilia
420 1303 534 1363 fiebant
551 1323 648 1379 neque
666 1302 802 1362 homines
824 1301 958 1378 priorum
982 1302 1074 1378 copiis
1101 1300 1280 1377 scriptorum

108 1393 215 1452 satiati
233 1393 393 1469 quicquam
412 1412 446 1451 ex
466 1410 497 1452 se
516 1392 666 1466 creabant,
685 1391 776 1452 immo
796 1392 869 1451 adeo
887 1391 1030 1450 hebetata
1044 1389 1168 1466 ingenia
1183 1392 1279 1467 erant,

108 1486 146 1542 ut
154 1481 266 1540 Fronto
280 1481 332 1540 ills
346 1482 422 1540 aridi
435 1482 523 1542 bomo
539 1482 629 1541 animi
643 1482 787 1540 maximae
803 1479 978 1557 aequalibus
988 1479 1177 1539 admirationi
1190 1483 1278 1538 esset.

201 1568 352 1630 Orationis
372 1574 472 1630 autem
491 1571 588 1647 qualis
608 1589 644 1630 ea
669 1572 768 1630 aetate
791 1569 924 1630 condicio
948 1568 1041 1628 fuerit
1065 1568 1092 1627 si
1115 1566 1279 1644 quaeritur,

108 1662 172 1719 iam
191 1659 367 1735 displicebat
385 1659 473 1735 primi
491 1680 520 1736 p.
535 1658 603 1720 Chr.
618 1678 647 1720 n.
662 1660 775 1718 saeculi
793 1659 890 1734 stilus,
908 1676 1005 1734 neque
1024 1659 1127 1716 tamen
1145 1657 1184 1716 ad
1204 1657 1280 1731 opti-

109 1768 176 1809 mos
195 1749 356 1824 scriptores
375 1768 407 1809 se
425 1749 620 1827 revocabant,
639 1749 691 1808 sed
708 1748 839 1824 priscam
859 1749 1024 1807 orationem
1042 1745 1211 1805 imitatione
1230 1764 1279 1804 ex-

110 1838 282 1914 primebant
309 1840 399 1915 atque
424 1856 459 1896 ex
482 1838 605 1897 remotis
630 1838 755 1897 saeculis
779 1837 873 1898 verba
900 1837 1102 1912 dictionesque
1128 1836 1280 1912 petebant,

111 1927 221 2004 quibus
240 1944 408 1987 samonem
425 1927 602 1986 inluoarent.

201 2015 307 2092 Neque
325 2019 427 2074 tamen
445 2017 500 2076 hoc
518 2015 643 2076 fortuito
662 2015 850 2075 factumest.
879 2015 958 2074 Nam
976 2033 1044 2074 cum
1062 2015 1123 2073 iam
1142 2016 1231 2073 antea
1245 2033 1281 2073 ex

111 2104 180 2163 aliis
198 2103 358 2179 provinciis
378 2105 535 2164 clarissimi
553 2105 584 2163 in
604 2104 713 2165 litteris
737 2104 872 2164 homines
890 2104 1114 2180 provenissent,
1132 2103 1280 2179 imprimis

111 2192 181 2252 inde
199 2194 237 2253 ab
256 2193 343 2252 initio
362 2195 473 2254 saeculi
492 2193 613 2253 secundi
631 2192 733 2253 Africa
755 2193 787 2251 in
812 2194 892 2254 omni
915 2193 1027 2252 artium
1051 2211 1086 2252 ac
1109 2192 1281 2251 litterarum

111 2300 221 2359 genere
241 2281 371 2342 eminere
389 2283 495 2359 coepit,
512 2285 549 2341 ut
565 2283 625 2342 iam
644 2302 663 2342 a
680 2282 822 2343 Iuvenale
838 2282 940 2340 Africa
958 2283 1106 2342 nutricula
1123 2283 1280 2340 causidico-

110 2390 179 2432 rum
196 2371 349 2430 nominata
369 2371 417 2430 sit.
448 2372 517 2431 Mox
535 2372 646 2431 Fronto
667 2370 817 2446 Sulpicius
836 2371 1020 2448 Apollinaris
1034 2369 1180 2446 Apuleius
1196 2362 1280 2451 (Gel-

110 2452 209 2538 lius?)
235 2460 382 2519 Minucius
400 2461 485 2519 Felix
504 2451 549 2542 (l)
574 2460 791 2533 Tertullianus,
814 2461 893 2519 inter
916 2459 990 2519 iuris
1014 2460 1127 2534 peritos
1145 2459 1281 2518 Iulianus

110 2548 291 2624 Papinianus
307 2542 353 2631 (l)
362 2540 388 2631 ¹)
403 2549 456 2608 alii
474 2549 562 2608 multi
581 2548 761 2625 posteriores
775 2550 896 2609 natione
909 2548 978 2607 Afri
995 2549 1027 2606 in
1044 2548 1153 2607 litteris
1173 2549 1280 2608 florue-

110 2641 193 2697 runt.
217 2638 335 2698 Africus
359 2640 460 2698 autem
486 2657 666 2698 sermonen
688 2641 752 2697 tam
775 2639 813 2698 ad
837 2637 1037 2698 urbanitatem
1061 2638 1195 2697 excultus
1214 2639 1281 2696 erat

112 2745 202 2804 quam
216 2727 379 2804 Romanus,
393 2728 445 2788 sed
462 2728 560 2786 multa
578 2729 610 2786 et
622 2717 715 2787 verba
733 2735 764 2786 et
782 2727 1016 2786 constructiones
1034 2727 1073 2786 ab
1092 2726 1280 2802 elegantibus

113 2816 309 2892 scriptoribus
332 2816 473 2876 Romanis
496 2816 594 2877 vitata
617 2835 714 2893 neque
738 2816 797 2875 nisi
819 2816 851 2875 in
874 2834 1008 2875 sermone
1036 2814 1199 2875 cottidiano
1228 2818 1282 2873 aut

112 2904 232 2982 vulgari
250 2907 369 2965 retenta
386 2905 417 2964 in
435 2906 639 2965 litteratorum
653 2905 797 2965 Afrorum
812 2925 862 2965 ore
883 2897 1010 2984 erant2),
1024 2906 1056 2963 et
1073 2907 1192 2979 praeter
1206 2903 1281 2962 alias

111 2995 169 3053 hac
188 3011 277 3053 causa
296 2994 434 3053 effectum
453 2997 508 3072 est,
527 2997 561 3053 ut
580 2995 691 3055 Fronto
712 2995 835 3070 eiusque
854 2996 1050 3054 assectatores
1065 2992 1207 3051 Plautum
1222 2992 1281 3050 En-

111 3083 195 3141 nium
214 3081 358 3142 Catonem
377 3083 452 3143 alios
472 3082 648 3143 lectitarent
666 3084 868 3160 legendosque
886 3082 1128 3142 commendarent
1147 3074 1170 3162 ).

202 3170 277 3230 Post
294 3171 476 3232 Frontonem
496 3176 597 3231 autem
615 3171 762 3246 Apuleius
782 3175 813 3231 et
831 3171 945 3230 Gellius
969 3171 1127 3230 clarissimi
1150 3171 1282 3248 fuerunt,

112 3261 190 3319 alter
208 3261 311 3320 rhetor
326 3251 371 3343 (et
384 3251 606 3342 philosophus),
621 3261 698 3320 alter
712 3261 882 3322 litterarum
897 3261 1004 3320 studiis
1024 3260 1151 3322 deditus.
1174 3260 1282 3335 Itaque

201 3450 229 3518 1)
247 3447 288 3503 cf.
307 3447 389 3512 Kalb,
409 3448 442 3502 a.
456 3449 482 3502 J.
501 3465 528 3517 p.
544 3452 594 3502 111
605 3465 665 3517 sqq.
684 3449 713 3502 et
731 3447 871 3517 Leipoldii
890 3448 925 3501 de
943 3447 1099 3517 Papiniano
1118 3447 1229 3503 dissert.

196 3524 224 3587 2)
242 3520 342 3588 ltaque
359 3519 455 3572 utrum
474 3534 507 3573 ex
527 3535 642 3588 operum
662 3517 843 3586 antiquorum
858 3517 949 3573 studio
970 3537 1035 3574 ane
1054 3534 1180 3574 sermone
1200 3518 1282 3574 cotti·

112 3590 197 3645 diano
219 3589 306 3645 verba
330 3593 474 3660 assumpta
498 3593 565 3659 sint,
590 3606 674 3660 saepe
698 3589 895 3645 difficillimum
916 3593 959 3644 est
982 3588 1067 3644 dictu
1106 3590 1282 3657 Quamquam

112 3663 248 3717 nonnulla
270 3663 303 3716 ut
324 3662 376 3718 siet
397 3668 562 3731 coeperimus
583 3663 773 3717 sustulerimus
800 3662 966 3730 repetuudus
993 3677 1041 3715 ceu
1068 3667 1112 3714 ost
1136 3667 1197 3730 quis
1224 3659 1283 3714 alia

112 3736 208 3802 aperte
226 3748 282 3787 non
300 3749 367 3788 usus
386 3731 537 3788 cottidiani
555 3736 643 3800 erant,
663 3731 720 3786 alia
737 3736 770 3787 ut
788 3733 879 3785 multa
896 3732 1072 3786 substantiva
1089 3732 1120 3784 in
1138 3733 1199 3798 -tc'o,
1216 3736 1280 3798 -tus,

111 3812 181 3872 ·tor,
199 3803 340 3861 adiectiva
357 3803 388 3858 in
404 3805 492 3872 -bslis,
509 3803 584 3872 -1111,
602 3803 688 3859 verba
706 3804 736 3858 in
753 3821 816 3858 -orc
834 3801 1001 3870 desinentia,
1021 3800 1134 3868 similia,
1154 3817 1225 3870 quae
1245 3803 1281 3856 ab

112 3891 169 3929 uno
192 3890 302 3945 quoque
320 3875 403 3930 facile
426 3875 524 3930 novari
541 3875 685 3946 poterant,
709 3876 899 3930 senescentem
926 3890 1010 3942 saepe
1028 3890 1184 3929 sermonem
1202 3872 1282 3928 redo·

112 3947 188 4014 lent,
211 3962 301 4014 neque
323 3945 411 4000 verba
432 3962 519 4015 prave
541 3946 682 4000 translata
700 3961 771 4014 quae
797 3943 939 4015 propriam
957 3942 1101 3999 notionem
1120 3945 1281 4012 amiserunt,

113 4035 146 4072 ex
159 4018 254 4072 vetere
272 4031 399 4072 sermone
414 4017 526 4084 sumpta
540 4017 588 4072 sed
603 4016 769 4087 plerumque
782 4016 863 4083 vulgi
876 4033 928 4068 usu
943 4017 1065 4070 contrita
1079 4015 1151 4070 sunt.
1175 4015 1282 4069 Tamen

113 4089 276 4159 plerumque
299 4087 370 4143 talia
392 4085 490 4143 sentiri
513 4088 604 4158 magis
629 4104 713 4156 quam
743 4085 932 4142 demonstrari
955 4088 1086 4156 possunt,
1114 4091 1147 4140 ut
1173 4102 1283 4140 summa

115 4158 242 4215 cautione
261 4175 330 4229 opus
348 4159 394 4214 sit.

202 4232 230 4297 3)
251 4230 328 4296 Quae
347 4229 442 4300 opinio
461 4229 704 4284 dissertationibus
719 4227 808 4283 Sittlii
825 4227 855 4283 in
869 4226 979 4283 libello:
998 4227 1050 4282 Die
1064 4227 1120 4283 lolr.
1135 4226 1282 4282 verschie-

114 4301 195 4356 denh.
215 4317 238 4356 1.
248 4317 274 4369 q.
284 4319 305 4357 s.
323 4306 429 4370 pp.120
449 4303 478 4355 et
497 4305 556 4368 125,
575 4299 717 4370 Leipoldii
735 4317 762 4370 p.
778 4304 821 4370 21,
840 4298 1142 4367 Piaobottaep.1sqq.
1166 4297 1280 4352 Woelff-

113 4371 174 4426 linii
191 4372 221 4426 in
239 4373 283 4427 W.
299 4373 332 4427 A.
347 4370 400 4425 Vll
414 4376 466 4426 170
477 4388 537 4440 sqq.
557 4369 743 4426 confirmatur.

1264 4663 1417 4754 A
