2904 4830
192 177 257 242 330
586 176 749 231 Sententiae
767 175 971 231 controversae.

299 346 393 422 59‚8
421 343 562 406 Pisonem
594 348 625 405 et
657 343 829 406 Orestillam
861 345 974 404 dccobus
1006 344 1154 404 mercatus
1187 347 1266 420 post
1300 343 1381 402 rele-

192 523 274 583 vm.
298 437 522 585 iiiiosxisliott
551 523 714 601 legendum
740 540 888 600 propono:
921 524 1002 582 intro
1029 539 1103 596 quoe
1129 525 1222 596 poter
1253 538 1310 592 es;
1342 521 1381 579 cf.

298 611 444 672 scholion:
467 612 519 672 obi
540 613 618 686 filios
639 613 744 684 hcbcs;
767 613 858 671 antea
881 615 923 670 cst
943 612 1090 688 legerant.

209 701 275 772 „Is
297 700 333 760 In
355 700 508 760 codicibus
530 701 683 763 Iuvenalis
711 700 825 760 scholia
852 700 1074 760 continentibus
1102 699 1162 760 duc
1192 699 1256 766 viri
1285 717 1385 776 argu-

299 791 401 849 menta
429 789 592 850 satirarum
620 789 877 868 significaverunt,
907 789 990 866 prior
1017 789 1139 849 scholiis
1166 789 1208 848 sd
1235 789 1387 866 primum

299 877 445 955 cuiusque
465 878 575 938 satirae
594 898 715 940 versum
737 877 909 957 adscriptis,
930 878 1080 955 posterior
1101 878 1202 938 titulis
1224 877 1388 938 brevibus

299 966 521 1046 suprascriptis.

242 1057 278 1118 X.
302 1056 421 1117 Scholia
439 1056 590 1118 Iuvenalis
614 1076 632 1115 a
655 1056 753 1117 verbis
773 1057 807 1116 id
829 1060 872 1115 est
888 1055 1064 1133 incipientia
1082 1075 1118 1116 ex
1136 1055 1197 1115 alio
1217 1074 1389 1116 commen·

299 1145 377 1206 tario
401 1147 522 1222 sumpta
539 1152 619 1222 sunt,
642 1145 693 1205 sed
711 1145 772 1204 iam
794 1144 826 1203 in
845 1145 1007 1222 archetypo
1025 1145 1077 1204 VI.
1096 1145 1145 1207 vel
1163 1143 1234 1205 VII.
1256 1144 1388 1204 saeculi

300 1253 368 1294 cum
390 1235 515 1311 reliquis
539 1234 698 1294 coniuncta
721 1233 908 1312 legebantur.

225 1321 275 1384 XI.
298 1324 347 1383 Ad
364 1324 428 1386 Iuv.
443 1323 471 1381 V
491 1325 533 1383 89
552 1323 642 1383 Valla
661 1324 733 1382 haec
750 1322 852 1382 habet:
879 1317 1005 1382 ‘Probus
1025 1323 1147 1399 exponit
1165 1341 1305 1382 cannam
1326 1342 1389 1381 na-

300 1431 369 1474 vem
392 1429 456 1472 osse
480 1430 557 1489 quae
581 1411 709 1491 gandeia
736 1412 868 1489 dicatur,
896 1414 932 1471 ut
955 1411 995 1471 sit
1017 1412 1147 1491 gandoia
1169 1411 1389 1488 Micipsarum

301 1499 402 1560 idest
424 1500 605 1576 Aphrorum.
652 1500 810 1580 gandeiam
838 1501 917 1559 enim
941 1499 998 1560 soli
1020 1501 1090 1558 Afri
1111 1500 1143 1559 id
1166 1503 1213 1560 est
1237 1501 1388 1584 Zamaqi

216 1625 218 1631 2
300 1590 349 1649 vol
377 1594 411 1650 ut
439 1589 492 1648 alii
512 1589 667 1667 Bizaceni‚
694 1591 730 1649 ut
758 1589 811 1648 alii
838 1589 964 1648 Barcaei
992 1583 1192 1650 invenerunt?
1237 1589 1390 1649 Videtur

301 1679 398 1756 igitur
420 1679 551 1757 genuina
569 1679 659 1739 lectio
677 1679 750 1739 haec
769 1679 832 1738 fere
851 1678 958 1738 fuisse:
982 1677 1093 1738 GANN
1096 1680 1121 1737 Α
1139 1677 1227 1737 accis
1246 1696 1386 1738 cumaea

303 1766 553 1826 MIOIPSARVM
571 1765 748 1842 Aphrcrwm.
1047 1767 1081 1826 id
1099 1770 1141 1826 est
1158 1766 1297 1848 Zachaei,
1325 1769 1386 1835 vel,

300 1860 334 1916 ot
355 1857 417 1925 clii,
441 1856 591 1935 Btaocecc‘,
618 1860 651 1916 ct
673 1858 735 1926 alii,
758 1856 896 1916 Barcaei.
942 1855 1010 1916 Viri
1031 1855 1112 1916 docti
1136 1857 1296 1916 chelandia
1324 1860 1388 1916 aut

298 1946 397 2018 puleio
420 1948 474 2005 ant
494 1945 615 2020 posticio
637 1946 833 2006 coniecerant.

212 2033 279 2093 XII.
302 2034 368 2096 luv.
386 2034 414 2092 V
435 2035 496 2094 143
525 2035 585 2094 dno
614 2035 729 2095 scholia
751 2035 881 2094 conflata
905 2038 997 2094 sunt.'
1028 2033 1290 2112 Distinguendum
1316 2038 1383 2093 cst:

303 2123 508 2184 cruciatuum
521 2124 689 2198 mosaco.
724 2127 758 2182 ot
770 2124 881 2192 stoice,
901 2127 932 2182 ct
945 2123 1037 2186 rerba
1050 2127 1084 2181 at
1095 2125 1199 2184 accae
1212 2122 1252 2182 sd
1265 2142 1296 2184 v.
1311 2126 1381 2182 144

301 2214 495 2286 minimasque
516 2229 604 2272 moces
626 2213 783 2273 referenda
806 2215 886 2288 sunt,
909 2212 947 2272 cf.
967 2213 1057 2272 schol.
1077 2232 1104 2272 v.
1125 2214 1198 2271 154.
