2904 4830
291 286 293 290 Ι
414 205 456 260 De
474 203 637 260 sesentiens
655 218 782 266 semona
801 205 829 260 et
847 204 949 262 estate.
1202 205 1267 270 299

96 377 170 436 aute
194 373 407 435 Terentianum
430 377 568 435 autnon
589 375 685 434 multo
708 376 777 433 ante
801 393 868 433 eum
890 373 984 434 libros
1003 373 1133 434 edidisse
1158 378 1266 452 potest.

94 465 268 524 Nemeum
292 464 490 526 Terentianus
514 467 610 524 artem
631 463 788 524 metricam
815 464 1011 539 posteriorem
1040 482 1130 541 quam
1158 465 1269 524 iudea

95 552 280 630 Westphalii
297 554 383 614 libris
401 553 533 613 metricis
551 571 657 615 vocare
682 554 813 613 solemus
837 553 920 613 nullo
939 553 1032 613 verbo
1056 557 1269 613 commemoret

96 662 197 719 neque
220 643 315 720 igitur
332 644 452 704 novisse
470 643 616 720 uideatur,
634 641 711 701 Iuba
729 643 829 700 autem
848 661 914 701 eam
933 644 1053 702 secutus
1073 643 1128 719 sit,
1147 640 1268 701 Schultz

98 731 314 792 Terentianum
341 750 402 793 non
428 734 497 808 post
518 731 638 810 Iubam,
663 731 682 791 i.
697 750 722 790 e.
744 750 804 790 nou
831 734 900 807 post
927 733 1079 792 sacculum
1106 730 1268 792 secuudum

96 821 255 897 scripsisse
274 821 430 881 concludit.

196 917 280 988 Quod
294 923 505 994 argumentum
520 937 588 978 cum
601 920 725 994 propter
736 918 831 979 Iubes
844 920 975 978 aetatem
988 917 1077 977 nimis
1090 919 1235 979 incertam
1242 909 1268 999 ¹)

98 1025 162 1070 non
179 1006 299 1067 firmum
318 1007 367 1087 sit,
381 1007 596 1068 Terentianum
613 1007 707 1067 Iubae
719 1006 794 1067 Arte
812 1027 872 1067 uon
890 1027 976 1066 usum
996 999 1094 1086 esse‘)
1112 1027 1167 1084 pro
1186 1009 1268 1067 certo

99 1095 206 1156 haberi
224 1099 332 1172 potest
373 1097 468 1157 Immo
487 1098 519 1156 iu
537 1096 717 1158 contrariam
736 1096 916 1157 senteutiam
935 1097 986 1173 qui
1005 1096 1124 1156 abirent
1141 1115 1201 1156 nou
1220 1097 1270 1156 de·

98 1185 231 1245 fuerunt.
263 1183 306 1245 Ut
319 1185 456 1246 Wentzel
474 1176 533 1266 (De
550 1186 628 1246 Iuba
645 1185 770 1246 metrico
788 1184 896 1263 partl
913 1205 942 1261 p.
958 1178 1007 1264 5):
1026 1186 1143 1252 Iubam,
1161 1186 1268 1262 inquit,

96 1273 231 1348 Septimii
247 1274 349 1335 Sereni
371 1277 510 1349 opuscula
526 1276 644 1335 ruralia
662 1277 820 1349 inspexisse
840 1280 867 1334 et
887 1277 920 1334 irs
941 1276 1077 1334 manitus
1099 1276 1234 1334 demisse
1242 1266 1268 1355 ³)

97 1364 230 1423 Hermiae
259 1365 330 1424 adeo
356 1365 447 1424 uultis
474 1367 557 1424 certis
585 1367 762 1438 erperaeatr's
789 1366 995 1441 comprobavit,
1022 1367 1056 1422 at
1076 1365 1177 1437 potius
1204 1381 1270 1422 earu

98 1453 196 1512 Keitio
219 1443 286 1533 (Gr.
301 1451 334 1512 L.
349 1452 393 1510 VI
410 1473 438 1528 p.
454 1453 510 1510 XV
534 1456 565 1511 et
587 1445 673 1533 XVI)
701 1453 788 1512 hctus
805 1457 909 1526 poetae
936 1471 1036 1513 cereres
1059 1471 1074 1512 e
1097 1453 1269 1512 Terentiano

100 1559 166 1600 eum
183 1541 316 1602 humasse
334 1546 360 1601 et
376 1559 455 1602 more
471 1559 524 1602 suc
543 1546 728 1602 cornmatatos
746 1544 777 1601 irs
796 1540 900 1601 Artem
916 1544 1055 1615 recepisse
1073 1545 1210 1616 samteer.

190 1637 269 1698 Utut
286 1639 361 1700 haec
378 1659 427 1699 res
446 1658 478 1699 se
496 1640 596 1715 habet,
611 1659 730 1699 summa
747 1638 957 1715 disputationis
971 1639 1178 1699 Schultzianae
1196 1639 1270 1700 haec

99 1732 158 1788 est:
177 1727 277 1788 Setaea
294 1731 350 1788 coir
366 1729 417 1789 em
434 1730 510 1789 creet
523 1731 619 1789 diesen
633 1731 839 1804 Drwdpumerr
855 1747 907 1788 um
924 1730 971 1788 die
984 1729 1070 1788 Mitte
1088 1731 1137 1789 des
1154 1732 1270 1790 ewederr
1333 1746 1335 1749 ’

97 1817 126 1876 J
124 1817 326 1886 atrtarrderts,
344 1820 421 1878 seiae
438 1817 547 1892 uraris
563 1835 614 1878 wm
632 1818 701 1886 175,
720 1837 751 1878 so
769 1819 844 1878 wird
860 1818 921 1878 sict
939 1818 1012 1877 recht
1030 1819 1104 1876 erret
1121 1820 1154 1878 irc
1172 1819 1275 1891 tetreff

99 1908 152 1965 der
169 1906 298 1980 Spraete
314 1908 407 1967 uictis
425 1909 589 1967 etrcwersders
612 1909 721 1974 laesere,
740 1909 785 1967 cer
802 1908 854 1966 der
876 1925 946 1966 marr
965 1907 1040 1966 erret
1057 1907 1104 1966 die
1121 1908 1271 1983 Heriumft

99 1997 151 2054 dee
168 1995 303 2056 Dichters
321 1998 383 2056 read
400 1997 447 2055 die
464 1994 676 2070 Setwieriplrer't
692 1998 743 2056 der
761 1996 877 2055 Metrea
894 2013 931 2056 err
954 1996 1194 2072 betetechtipea
1211 1997 1269 2056 tat.

190 2093 255 2153 Hoc
273 2094 368 2172 igitur
387 2092 529 2153 Schultaii
547 2094 583 2154 de
598 2093 771 2154 Terentiani
789 2097 889 2154 aetate
907 2093 1052 2153 iudicium
1070 2097 1172 2152 utrum
1190 2111 1269 2152 com-

99 2181 287 2257 probandum
307 2175 378 2262 sit4)
400 2201 439 2242 au
456 2183 648 2242 Lachmauuo
666 2181 764 2269 licilio
783 2183 907 2258 reliquis
927 2183 1165 2256 assentiendum,
1185 2201 1268 2242 aecu-

101 2272 170 2330 rata
189 2272 334 2331 sermonis
354 2271 563 2332 obseruatione
583 2271 796 2347 exquirendum
815 2275 870 2332 est.

191 2369 249 2428 Sed
275 2371 437 2446 antequam
459 2370 556 2446 ipsam
579 2390 645 2430 rem
668 2369 892 2446 adgrediamur,
916 2370 1103 2446 aliquantum
1126 2369 1270 2445 temporis

98 2459 179 2519 inter
197 2458 309 2518 librum
327 2459 451 2518 tertium
475 2458 588 2518 editum
612 2461 643 2518 et
667 2459 827 2520 secuudum
852 2458 1037 2520 intercedere
1059 2459 1155 2520 videri
1179 2459 1270 2535 signi-

100 2548 250 2607 ficandum
274 2552 329 2608 est.
374 2546 481 2608 Libros
506 2549 584 2607 enim
607 2548 739 2623 primum
762 2549 793 2608 et
815 2548 940 2608 tertium
963 2547 1076 2607 Marius
1094 2546 1269 2607 Victorinus

99 2637 148 2698 vel
168 2636 269 2714 potius
283 2636 482 2712 Aphthonius,
501 2637 553 2713 qui
572 2636 734 2697 secundum
753 2656 812 2697 non
831 2637 949 2698 novisse
967 2627 1130 2718 videtur⁵)‚
1149 2639 1269 2696 secutus

100 2728 155 2799 est,
173 2744 269 2802 neque
289 2725 436 2786 secundus
456 2726 493 2785 ab
512 2726 696 2802 Augustino,
716 2727 768 2802 qui
789 2727 886 2802 primo
910 2728 941 2785 et
963 2725 1067 2802 tertio,
1086 2727 1139 2785 aut
1162 2745 1181 2784 a
1198 2725 1269 2786 Dio·

100 2815 201 2888 mede,
226 2815 279 2890 qui
299 2813 390 2875 tertio
412 2833 484 2874 usus
511 2816 569 2889 est,
589 2806 879 2895 commemoretur⁶).
916 2813 1085 2874 Secundum
1104 2817 1217 2886 autem,
1236 2814 1269 2872 iu

100 2923 159 2980 quo
182 2904 337 2980 complura
360 2922 396 2963 ex
418 2904 514 2980 primo
539 2908 569 2964 et
592 2904 682 2964 tertio
706 2922 740 2962 ec
762 2903 874 2978 partim
896 2903 933 2963 ad
958 2903 1083 2965 verbum
1107 2893 1270 2984 repetiit7),

100 3011 191 3052 senex
210 2992 338 3068 scripsit,
351 2991 383 3050 id
396 2993 477 3068 quod
490 3011 550 3053 uon
563 2996 626 3053 tam
641 3013 678 3053 ex
690 2993 793 3052 morbo
808 2995 1039 3052 commemorato
1053 3012 1101 3053 vv.
1114 2993 1270 3068 1291aqq.

100 3085 157 3141 aut
175 3100 212 3141 ex
231 3099 265 3141 eo
284 3081 363 3157 quod
377 3100 468 3156 aeger
483 3101 558 3158 opus
576 3082 637 3141 fflio
652 3100 823 3158 generoque
837 3083 907 3140 ante
921 3081 1082 3140 editionem
1101 3081 1270 3156 perpolien-

100 3171 174 3229 dum
191 3170 286 3231 tradit
303 3190 351 3230 vv.
368 3172 430 3230 283
442 3189 514 3247 sqq,
531 3189 621 3246 quam
640 3190 676 3230 ex
693 3169 879 3246 praefatione
893 3170 986 3230 totius
1002 3170 1081 3246 quod
1099 3188 1177 3230 nuuc
1195 3170 1270 3247 legi·

192 3395 219 3463 1)
236 3392 367 3448 Wentzel
384 3393 414 3446 in
433 3393 573 3462 symbola
598 3393 702 3449 criticis
724 3412 752 3463 p.
768 3399 800 3449 17
825 3394 854 3448 et
871 3393 964 3448 Hense
986 3393 1098 3463 Iubam,
1123 3393 1198 3462 quod
1217 3392 1271 3448 Te-

97 3463 222 3520 rentiaui
239 3463 365 3532 aequalis
384 3464 430 3533 sit,
448 3464 500 3519 sub
519 3466 602 3519 finem
622 3465 726 3519 saeculi
744 3463 823 3519 tertii
841 3463 985 3534 scripsisse
1005 3465 1174 3519 existimant.
1195 3495 1227 3504 -
1246 3464 1270 3518 E

100 3553 229 3591 sermone
247 3535 347 3604 Iubae,
365 3533 498 3604 quoniam
518 3552 589 3605 quae
607 3536 688 3591 Ar'ts'e
710 3535 869 3605 fragmenta
887 3535 978 3590 Hense
1002 3534 1118 3605 collegit
1135 3554 1202 3590 num
1221 3552 1271 3604 ge·

97 3607 186 3663 nuiua
209 3605 294 3661 Iubae
323 3606 410 3662 verba
431 3607 585 3677 praebeant
607 3609 657 3662 aut
678 3607 791 3662 omuino
820 3624 854 3662 cx
876 3606 953 3662 illius
976 3605 1055 3661 libris
1077 3609 1190 3677 sumpta
1215 3605 1272 3662 siut

97 3678 177 3735 nullo
196 3678 279 3734 modo
299 3677 474 3748 comprobari
492 3681 586 3748 potest
606 3682 634 3734 et
653 3681 731 3734 certa
747 3679 907 3749 fragmenta
925 3693 1067 3748 perpauca
1091 3680 1168 3746 suut,
1186 3695 1271 3748 argu-

97 3752 197 3804 menta
213 3750 274 3819 peti
291 3765 347 3804 non
365 3752 490 3819 possunt

190 3822 218 3889 2)
236 3820 454 3890 Wcstphalium,
474 3820 522 3891 qui
539 3820 626 3876 Iubae
640 3821 736 3876 Astera
754 3818 953 3874 aTereutiano
973 3818 1129 3874 adhibitam
1148 3835 1209 3874 esse
1228 3818 1271 3874 iu·

100 3889 254 3956 dicaverat,
273 3890 365 3946 Hense
384 3909 411 3961 p.
426 3896 550 3948 95-100
568 3892 679 3947 refutat.

190 3964 218 4030 3)
235 3962 338 4031 Agitur
362 3963 542 4017 de'versibus
564 3963 621 4017 iam
644 3978 730 4032 supra
751 3979 778 4030 p.
794 3967 862 4031 9sq.
882 3961 1106 4017 commemoratis
1125 3967 1195 4017 2001
1208 3980 1270 4032 sqq.

99 4033 212 4104 wando
229 4034 337 4102 {lapella
357 4050 380 4088 e.
396 4050 423 4101 q.
438 4051 469 4098 a,
488 4033 522 4090 oi.
542 4032 626 4088 Keilii
644 4034 680 4088 ad
698 4032 772 4087 huuc
790 4051 902 4088 versum
922 4033 985 4088 adn.

190 4105 218 4174 4)
237 4103 352 4159 Assensi
371 4107 437 4159 sunt
454 4103 511 4159 Leo
529 4105 560 4157 iu
578 4104 671 4161 Herm.
686 4104 777 4158 XXIV
792 4108 844 4157 283
855 4121 930 4173 sqq.,
953 4104 1087 4160 Schwabe
1106 4105 1136 4158 in
1154 4102 1270 4172 Teuffel,

98 4173 201 4230 Gesch.
220 4174 248 4228 d.
266 4179 336 4230 rom.
350 4173 418 4230 Litt
437 4181 452 4242 5
468 4180 530 4243 378,
549 4177 587 4243 αὖ,
606 4174 748 4243 Ribbeck,
769 4173 868 4230 Gasclr
883 4175 909 4229 d.
929 4180 997 4232 rom.
1013 4173 1156 4245 Dichtung
1173 4194 1201 4245 p.
1210 4181 1269 4232 323.

189 4249 216 4312 t)
237 4243 278 4300 cf.
297 4245 384 4300 etiam
403 4246 504 4316 Hense,
522 4265 550 4316 p.
565 4252 678 4302 84-86.
1281 4297 1286 4305 .

189 4317 216 4385 6)
235 4315 281 4371 Gr.
295 4317 327 4372 L.
340 4316 379 4372 VI
393 4324 454 4373 322.

190 4391 216 4458 7)
235 4387 312 4454 Quae
332 4405 364 4442 ex
383 4387 468 4443 Keilii
486 4387 561 4442 notis
580 4387 682 4444 criticis
701 4386 784 4444 facile
804 4387 933 4458 componi
950 4387 1073 4456 possunt.
