2904 4830
682 763 700 828 I

157 885 219 964 DE
250 890 551 965 TERENTIANI
577 890 772 963 AETATE
801 890 929 976 QVAE
959 891 1060 964 VIRI
1087 893 1229 966 DOOTI

407 996 570 1071 ADHVO
600 997 987 1072 CONTENDERINT.

200 1177 371 1238 Terentiani
379 1171 404 1258 ¹)
423 1177 460 1238 de
482 1178 667 1254 temporibus
691 1197 759 1238 cum
782 1179 855 1238 satis
878 1181 992 1238 certum
1015 1180 1220 1240 testimonium
1239 1182 1277 1241 ad

109 1288 165 1328 nos
179 1287 238 1327 non
253 1267 293 1326 sit
306 1260 497 1348 perlatuffl),
508 1267 561 1327 sed
575 1271 682 1345 quarto
696 1268 816 1328 demum
828 1288 856 1343 p.
872 1265 940 1328 chr.
954 1287 983 1326 n.
998 1270 1118 1329 saeculo
1132 1270 1277 1330 memoria

109 1359 175 1417 eius
199 1357 377 1431 inveniatur,
396 1357 476 1433 quod
490 1357 548 1416 riri
561 1357 641 1417 docti
654 1357 734 1416 inter
748 1375 780 1416 se
794 1357 1012 1417 dissentiebant
1025 1376 1085 1418 non
1099 1358 1209 1417 mirum
1224 1364 1278 1419 est.

108 1447 214 1523 Neque
245 1445 323 1504 enim
351 1445 431 1504 inter
457 1445 639 1506 vetustiores
666 1445 828 1506 defuerunt
855 1445 919 1523 quI‚
947 1448 983 1504 ut
1010 1445 1054 1505 ait
1084 1441 1279 1529 Gyraldus³)‚

108 1533 322 1594 Terentianum
338 1551 372 1593 ea
386 1539 548 1608 tempestate
565 1537 700 1606 timubsc
717 1539 870 1602 censerent,
890 1552 948 1608 qua
966 1535 1078 1594 litterae
1094 1537 1127 1596 in
1140 1535 1280 1610 Africum

108 1625 321 1699 mioraoissent,
344 1626 362 1683 i.
383 1641 405 1682 e.
424 1621 533 1698 Apulei
553 1623 728 1683 Tertulliani
746 1622 890 1698 Cypriani
908 1626 1089 1697 tenporibus,
1113 1643 1209 1700 neque
1228 1627 1279 1700 qui

107 1712 247 1773 futilibus
266 1711 325 1772 nisi
343 1712 527 1788 argumentis
546 1713 627 1772 haud
645 1712 689 1772 ita
706 1712 802 1771 multo
821 1713 892 1788 post
905 1710 1048 1774 Senecam
1064 1713 1277 1790 philosophum

83 1807 163 1862 'aut
184 1803 305 1861 ineunte
333 1802 451 1860 saeculo
483 1801 612 1862 secundo
641 1801 736 1861 fuisse
759 1819 828 1859 eum
851 1793 1026 1883 dicerent4).
1068 1801 1154 1861 Hanc
1177 1805 1278 1861 autem

108 1892 277 1968 opinionem
295 1888 477 1966 Lachmann,
495 1907 562 1966 oum
581 1890 796 1950 Terentianum
815 1894 841 1949 ct
857 1891 1005 1950 uocabulis
1024 1895 1050 1950 ct
1060 1892 1279 1964 particulorum

107 1999 165 2041 usu
187 1984 213 2039 ct
234 1982 301 2053 ipsc
322 1979 527 2038 uocabulorum
549 1980 730 2039 collocatione
758 1981 794 2038 ab
817 1980 877 2039 iltis
903 1980 1041 2054 felicioris
1064 1982 1167 2039 aetatis
1183 1982 1278 2053 poetes

107 2071 237 2128 recedere
258 2069 387 2141 uideret,
413 2067 571 2145 refutarit,
596 2069 660 2144 ipse
684 2086 751 2127 cum
770 2067 946 2128 Petronium
963 2087 1013 2128 vv.
1034 2069 1118 2128 2489
1140 2071 1171 2127 et
1190 2069 1276 2128 2852

107 2159 372 2218 commemoratum
399 2156 497 2217 medio
524 2157 642 2216 saeculo
665 2176 695 2232 p.
714 2155 783 2216 Chr.
805 2175 834 2216 n.
858 2157 949 2215 tertio
977 2155 1071 2215 fuisse
1094 2156 1278 2232 opinaretur,

108 2245 322 2306 Terentianum
345 2243 401 2304 sub
424 2244 514 2302 finem
538 2246 601 2304 eius
630 2245 743 2312 saeculi
765 2246 920 2320 scripsisse
943 2237 1139 2325 contendit5).
1171 2243 1290 2313 Quam

108 2334 291 2395 Lachmanni
315 2333 494 2393 seutentiam
517 2336 637 2410 praeter
660 2325 767 2415 altos⁶)
793 2333 874 2412 Keil,
898 2351 1079 2411 quamquam
1103 2333 1277 2394 Petronium

108 2424 236 2484 Neronis
268 2423 426 2500 aequalem
453 2422 547 2482 fuisse
577 2423 636 2482 iam
669 2423 749 2482 inter
777 2441 879 2483 omnes
907 2423 1064 2482 constabat
1090 2423 1192 2498 itaque
1221 2422 1277 2482 hoc

108 2512 290 2573 Lachmanni
314 2514 525 2590 argumentum
547 2513 608 2572 iam
635 2512 751 2571 nullum
775 2514 853 2589 erat,
880 2511 975 2571 nihilo
1000 2511 1098 2570 minus
1122 2512 1275 2586 amplexus

106 2604 166 2682 est,
188 2619 255 2660 cum
274 2593 431 2679 diceret⁷):
455 2606 563 2660 certum
586 2619 646 2662 esse
662 2606 736 2676 puto
756 2601 962 2661 Terentianum
984 2601 1097 2660 saecuto
1116 2603 1197 2660 tertio
1215 2617 1274 2660 non

198 2790 225 2858 1)
245 2787 419 2858 Quamquam
443 2787 611 2856 cognomina
629 2787 754 2844 Maurus
775 2786 806 2842 in
828 2790 905 2856 octo,
930 2787 1040 2843 Maura
1061 2787 1090 2842 in
1113 2803 1216 2843 novem
1234 2788 1277 2842 in·

108 2859 307 2931 scriptionibus
327 2858 392 2914 CIL.
411 2858 466 2914 vol.
486 2857 552 2912 VIII
573 2858 765 2927 inveniuntur,
790 2861 886 2913 tamen
904 2858 1073 2914 Terentiano
1095 2860 1151 2914 hoc
1174 2874 1276 2928 cogno·

106 2949 171 2987 men
189 2947 246 2986 non
263 2931 350 2985 fuisse
368 2929 488 2985 videtur.
525 2927 598 2984 Nam
612 2947 677 2984 eum
690 2929 800 3000 antiqui
814 2929 963 3000 scriptores
978 2929 1061 2984 multi
1074 2929 1274 2984 Terentianum

107 3002 327 3059 commemorent
350 3016 439 3070 neque
462 3004 557 3055 tamen
581 2999 731 3070 quisquam
753 3003 866 3071 praeter
884 2999 1073 3068 Augustinum
1095 3000 1122 3055 ei
1139 3000 1276 3056 Maurum

107 3089 263 3144 cognomen
281 3074 330 3128 det
346 3088 438 3141 neque
452 3072 482 3126 in
495 3070 526 3124 M
538 3073 592 3127 hoc
606 3072 728 3142 legatur,
746 3087 844 3128 vereor
857 3087 893 3126 ne
907 3070 1080 3140 Augustinus
1094 3089 1176 3126 versu
1192 3078 1275 3126 1971:

106 3145 229 3201 Maurus
250 3146 314 3200 item
336 3148 453 3214 quantoe
471 3145 554 3212 potui
576 3159 732 3214 copnoecere
757 3143 859 3198 Graios
880 3142 910 3196 in
933 3156 1055 3197 errorem
1078 3141 1215 3197 adductus
1239 3143 1277 3198 sit

106 3215 269 3286 aut'potius
288 3215 348 3270 eius
366 3213 461 3269 verbis
479 3213 610 3283 aequales
629 3213 726 3270 nostri.
760 3215 858 3282 Neque
874 3212 948 3269 enim
962 3213 1031 3268 alibi
1046 3212 1151 3268 similes
1164 3215 1275 3282 patriae

104 3286 324 3356 significationes
343 3285 419 3356 apud
432 3285 621 3354 Augustinum
640 3286 749 3354 desunt,
767 3286 801 3339 ut
818 3283 872 3339 cir.
891 3284 937 3339 dei
955 3285 1181 3354 8‚12Aputetus
1194 3285 1275 3354 Afer,

104 3357 173 3412 ibid.
189 3363 218 3426 8,
234 3363 267 3411 14
289 3357 426 3428 Apuleius
451 3357 614 3412 Platonicus
642 3355 853 3424 Madaurensis,
881 3360 955 3425 epe
975 3358 1113 3425 quesite
1137 3355 1274 3424 Apuleiae

105 3429 305 3484 Madommsie
322 3429 364 3484 oet
376 3428 543 3497 Apollonius
558 3427 694 3497 Tyaneus.
710 3435 717 3449 ·
731 3427 829 3495 Neque
847 3441 913 3481 uero
926 3424 1108 3481 Terentianus
1126 3425 1176 3481 illo
1192 3443 1274 3480 versu

104 3499 201 3554 ludere
220 3499 339 3568 videtur,
357 3501 389 3554 ut
408 3498 492 3553 simul
511 3500 540 3552 et
556 3497 678 3566 patriam
697 3499 726 3552 et
744 3513 899 3568 cognomen
918 3497 1064 3567 significet.

194 3572 222 3641 2)
240 3568 453 3640 inscriptionem
467 3568 531 3624 CIL.
540 3567 606 3624 VIII
620 3574 703 3624 84122
723 3569 795 3638 Imp.
812 3568 885 3624 cua.
900 3568 1003 3624 Flauio
1018 3568 1198 3624 Constantino
1208 3608 1235 3625 ..
1249 3609 1273 3623 ..

105 3641 227 3698 Flauius
253 3641 432 3696 Terentianus
451 3659 474 3696 c.
490 3659 520 3710 p.
540 3657 653 3711 praeses
666 3642 828 3712 prouinciae
847 3640 1046 3696 Mauretaniae
1067 3639 1215 3706 siris...
1244 3640 1273 3694 et

105 3711 226 3768 similem
250 3712 374 3768 eiusdem
391 3711 445 3766 viri
463 3712 639 3774 sesamino
663 3711 768 3766 saeculi
791 3711 884 3780 quarti
905 3710 996 3766 factas
1019 3727 1084 3765 cum
1102 3709 1271 3765 Terentiano

104 3784 221 3839 metrico
244 3782 314 3838 nihil
337 3798 483 3838 commune
505 3781 609 3838 habere
632 3799 721 3852 neque
739 3787 810 3838 3880
834 3782 884 3836 ant
906 3796 966 3850 eas,
985 3780 1136 3851 inquibus
1155 3781 1273 3836 nomina

103 3856 242 3911 Barcinus
255 3855 285 3909 et
298 3853 425 3909 Necatus
438 3853 578 3924 leguntur,
593 3855 630 3908 ad
643 3852 804 3910 Terentiaui
823 3851 912 3907 filium
925 3856 1010 3922 atque
1024 3869 1158 3923 generum
1173 3852 1272 3907 referri

104 3942 187 3997 posse
205 3924 288 3980 facile
306 3926 433 3994 apparet

193 4000 220 4067 3)
239 3993 279 4050 cf.
300 3995 376 4050 Sunt.
394 3993 483 4064 praef.
502 4011 528 4063 p.
548 3995 581 4052 V.

193 4075 221 4133 4)
239 4066 310 4120 ibid.
328 4085 356 4136 p.
374 4065 414 4120 ΠΙ
432 4084 491 4136 sqq.
769 4129 770 4134 Ἰ

193 4141 220 4208 t)
240 4135 280 4192 (If.
301 4138 415 4194 Lsobm.
435 4137 472 4191 ad
491 4136 653 4193 Terentiani
672 4138 738 4194 edit.
757 4137 845 4208 praef.

192 4213 221 4278 6)
239 4208 281 4265 cf.
300 4208 395 4264 Herm.
413 4208 550 4278 Weutnel‚
570 4209 720 4279 symbolas
744 4208 858 4263 criticae
877 4206 914 4263 sd
931 4205 1080 4262 historiam
1101 4206 1269 4276 scriptorum

104 4281 144 4335 rei
162 4279 297 4336 metricae
316 4278 486 4348 flabrorum,
505 4279 693 4336 Vratislaviae
714 4284 784 4336 1888
796 4280 829 4350 p.
849 4285 892 4335 28.

194 4354 220 4421 t)
236 4351 357 4408 Gramm.
377 4351 438 4408 Lat.
458 4351 497 4406 VI
515 4354 574 4407 823.
