2904 4830
417 197 457 251 De
477 167 636 250 'llerentiani
655 211 780 252 sermone
799 196 829 250 et
845 180 946 250 aetat.
1040 231 1041 234 =
1198 191 1265 260 305

149 400 159 407 -
184 364 291 442 Itaque
310 365 480 424 naturalem
500 363 645 424 sermonis
664 335 887 440 simplieitatem
907 363 1011 423 metris
1036 383 1124 440 saepe
1148 367 1265 440 pertur-

83 455 161 534 bari
186 455 272 530 quasi
299 472 318 512 a
340 453 442 513 limine
468 457 700 514 consentaneum
724 458 779 514 est.
816 453 901 523 Quod
929 471 1035 530 reapse
1058 454 1172 512 factum
1200 472 1265 513 esse

82 542 294 602 Terentianus
313 543 376 619 ipse
395 562 462 603 aum
481 543 553 602 alibi
571 546 638 602 tum
656 543 703 603 his
723 542 823 602 verbis
843 543 977 602 confiteri
994 542 1127 604 videtur:

185 686 248 746 305
261 703 324 762 sqq.
348 687 418 744 dum
436 691 532 746 tamem
549 687 636 745 rebus
653 687 786 754 miuutr's,
805 703 878 760 quas
889 687 1000 760 pedum
1019 687 1089 746 liber
1108 705 1217 760 quoque

347 776 397 834 urle
414 779 499 848 queat
510 776 646 849 proferre
663 792 756 833 sermo
774 779 870 834 uester
888 776 998 847 offensa
1016 777 1090 843 siue,

348 864 430 924 labili
448 882 533 923 uersu
550 865 693 923 ministret
710 866 854 924 iurelusos
871 867 971 924 esitus.

84 1006 178 1066 Idem
196 1006 301 1066 multis
319 1007 410 1066 rebus
429 1005 618 1082 comprobari
635 1008 743 1082 potest.
772 1007 817 1065 Ae
834 1007 964 1082 primum
983 1007 1103 1084 quidem
1121 1007 1152 1064 in
1166 1025 1264 1066 exem-

83 1097 162 1172 plis·
173 1099 204 1154 et
221 1095 253 1153 in
270 1095 440 1155 nominibus
459 1096 588 1172 propriis
604 1095 784 1171 Graecisque
799 1098 830 1153 et
848 1095 878 1153 in
898 1095 972 1154 artis
986 1096 1140 1156 vocabulis
1158 1096 1264 1172 longas

85 1185 244 1260 corripere
263 1185 431 1262 brevesque
449 1185 612 1260 producere
632 1187 685 1243 aut
703 1183 819 1243 hiatum
844 1184 1004 1244 admittere
1027 1203 1087 1244 non
1105 1185 1265 1261 dubitarit,

85 1273 122 1331 id
142 1273 224 1348 quod
242 1274 384 1349 exemplis
403 1273 575 1350 inlustrare,
590 1274 730 1352 quoniam
748 1274 784 1332 de
804 1292 836 1332 re
855 1273 980 1332 metrica
998 1273 1029 1332 in
1047 1275 1103 1332 hau
1122 1274 1263 1333 disserta-

84 1363 176 1420 tione
193 1380 254 1421 non
278 1381 379 1438 egam,
403 1381 481 1422 nunc
504 1363 692 1438 supersedeo.
736 1361 851 1421 Deinde
873 1363 995 1422 nomina
1004 1354 1029 1443 1)
1053 1363 1264 1440 nominumque

86 1451 205 1510 formas
212 1443 238 1530 2)
254 1443 404 1532 genera⁸),
418 1451 448 1510 in
463 1451 606 1527 exemplis
621 1451 792 1511 adferendis
807 1443 938 1531 casus4),
952 1444 1077 1528 verba⁵)
1091 1453 1264 1511 verborum-

87 1558 151 1616 que
170 1539 281 1599 formas
288 1531 314 1621 6)
334 1532 478 1620 general)
496 1532 634 1621 mod0s⁸)
652 1531 822 1622 tempora⁹)
840 1540 1032 1616 permutavit.
1060 1541 1126 1600 Iam
1143 1541 1176 1599 in
1194 1560 1264 1600 enu-

86 1628 244 1688 merandis
263 1630 354 1688 rebus
373 1631 485 1705 quanta
503 1630 634 1689 varietas
657 1629 886 1704 coniunctionis,
909 1648 999 1704 quam
1016 1630 1119 1689 rarius
1142 1630 1261 1689 omnino

86 1718 308 1792 particularum
327 1735 409 1796 usus,
428 1736 518 1794 quam
536 1718 613 1776 mira
631 1718 735 1777 multis
754 1717 825 1777 locis
849 1717 1003 1778 collocatio
1028 1718 1259 1794 conspiciuntur.

87 1807 197 1881 Neque
217 1805 321 1866 dubito
339 1807 412 1882 quin
429 1825 574 1883 persaepe
595 1808 670 1866 haec
694 1807 800 1866 metris
824 1807 930 1867 effecta
953 1807 1021 1866 sint.
1060 1806 1158 1876 Quid?
1182 1807 1261 1883 quod

89 1900 123 1953 et
147 1895 386 1971 praepositiones
409 1897 613 1955 commutarit
650 1895 774 1971 Semper
799 1896 878 1954 enim
904 1897 1027 1972 longam
1055 1895 1205 1971 syllabam
1231 1899 1264 1955 r'u

89 1985 171 2042 duas
189 1986 286 2044 breues
304 1986 390 2053 solui,
410 1984 462 2043 sed
480 1985 512 2042 in
529 1986 679 2045 rv.1454
698 1990 729 2043 et
748 1986 833 2044 2352
853 1986 926 2044 solat
938 2003 995 2059 per
1013 1987 1090 2046 duas
1107 1985 1191 2044 dixit.

182 2071 264 2132 Haec
283 2077 384 2132 antem
398 2076 564 2134 metrorum
578 2073 739 2132 difficultas
755 2092 789 2133 eo
805 2074 897 2133 stiam
911 2077 1050 2149 angetur,
1065 2073 1144 2150 qnod
1157 2091 1262 2133 versus

90 2161 220 2221 maiores
238 2162 325 2237 pleno
345 2162 500 2222 enuntiato
520 2163 719 2222 Terentianus
738 2163 874 2222 claudere
893 2164 978 2223 solet.
1006 2162 1085 2221 Nam
1104 2181 1262 2240 quaecum-

89 2269 151 2327 que
173 2253 417 2311 tetrametrorum
441 2253 535 2310 broch.
554 2253 641 2311 catal.
660 2251 788 2327 paginae
814 2252 907 2311 oculis
931 2252 1169 2327 perlustrantur,
1191 2271 1263 2327 pau-

90 2338 205 2400 cissimi
218 2358 323 2400 versus
338 2340 530 2400 inveniuntur
539 2341 571 2399 in
581 2340 639 2400 fine
649 2339 898 2416 interpunctionis
907 2341 987 2401 notis
997 2359 1056 2400 non
1066 2340 1207 2401 instructi
1215 2333 1263 2420 10),

90 2447 152 2489 non
179 2429 223 2488 ita
246 2430 336 2488 multi
361 2449 415 2505 pro
438 2428 576 2505 portione
599 2430 630 2488 in
653 2429 719 2505 ipso
743 2447 861 2505 corpore
882 2432 965 2489 metri
988 2430 1134 2505 distincti,
1159 2431 1190 2488 in
1214 2429 1262 2488 his

91 2521 194 2577 autem
213 2518 336 2594 plurimi
353 2518 384 2577 in
398 2519 465 2595 ipsa
479 2537 603 2578 caesura
617 2511 806 2600 separatiss).
829 2519 893 2577 Hac
907 2519 1002 2594 igitur
1021 2520 1057 2578 de
1071 2536 1161 2578 cansa
1175 2538 1263 2594 saepe

184 2743 211 2810 1)
230 2743 263 2795 ut
289 2741 379 2795 multa
406 2739 594 2796 deminntiva:
622 2741 779 2810 fulyr'dulus
795 2742 939 2809 fumiculus
961 2743 1088 2811 pamelius
1111 2742 1263 2798 Graeculus

92 2813 191 2868 limula
208 2814 332 2868 litterula
351 2813 495 2882 louyulus;
513 2814 625 2867 brevem
641 2813 778 2880 syllabam
797 2817 866 2866 2198
882 2830 1010 2883 paruam,
1029 2812 1098 2868 alibi
1117 2815 1264 2868 breviorem

94 2887 144 2938 aut
167 2885 311 2951 minoren,
333 2882 470 2952 liquidam
498 2901 582 2954 saepe
604 2885 702 2952 udam,
730 2889 799 2937 1249
818 2885 944 2951 aridam,
971 2883 1175 2955 paenultimum
1194 2891 1262 2938 2892

89 2971 177 3038 prope
195 2956 230 3009 ab
248 2956 346 3038 ultimo
359 2957 456 3040 pedem
474 2954 556 3037 dlxii}
577 2955 612 3011 el.
628 2955 715 3010 etiam
735 2961 803 3011 1385
823 2956 984 3012 trochaeus.
1001 2997 1007 3010 .
1023 2996 1029 3008 .
1043 2956 1152 3026 syllaba
1167 2957 1264 3026 louyirs

92 3026 794 3167 ²⁹”0'0rm35tls’taltttbsbti.n...

182 3169 209 3236 3)
227 3169 260 3222 ut
277 3169 342 3236 fluis
359 3185 469 3238 semper
482 3168 592 3236 generis
611 3169 759 3223 masculini
773 3172 817 3224 est
834 3169 1067 3239 praeeramus
1082 3163 1176 3224 aratra
1187 3169 1261 3236 fiais.

181 3243 209 3306 4)
229 3239 269 3296 Cf.
289 3257 314 3295 v.
330 3244 382 3293 218
401 3256 464 3294 eum
482 3257 508 3294 v.
524 3242 584 3295 785.

183 3312 211 3379 b)
229 3312 262 3364 ut
278 3326 373 3365 rorare
390 3312 521 3378 combure,
539 3313 681 3366 meminere
705 3329 866 3380 memorare,
888 3314 985 3381 iuyare
1003 3313 1127 3381 iuuyere,
1148 3312 1264 3380 suscipit

94 3386 163 3436 1186
182 3407 216 3426 =
235 3383 345 3451 sucipit,
364 3382 421 3437 alia
438 3383 529 3437 multa
547 3382 580 3438 ef.
601 3383 686 3438 etiam
705 3403 733 3453 p.
748 3387 800 3438 307
811 3401 871 3452 sqq.

184 3453 211 3519 6)
230 3456 262 3506 ut
279 3456 337 3519 siet,
356 3461 530 3523 coeperimus,
548 3455 747 3521 sustulerimus,
766 3456 860 3510 disere
878 3451 989 3512 similia.

184 3525 210 3593 7)
228 3522 269 3578 Cf.
286 3529 336 3577 112
356 3540 460 3579 urceus
479 3530 516 3578 est
534 3529 620 3579 temere
638 3526 718 3580 labra
736 3527 911 3595 linquamque
930 3567 936 3580 .
952 3569 958 3582 .
974 3568 980 3581 .
997 3566 1003 3579 .
1021 3525 1124 3580 reduci.

182 3599 210 3663 8)
230 3595 355 3650 081365
375 3595 506 3663 δίβραχυν
524 3595 618 3650 dixere
636 3595 737 3652 Graeci
754 3599 826 3668 quod
844 3600 888 3652 sit
907 3597 1038 3652 ambabus
1056 3596 1151 3652 breuis.

182 3671 208 3730 9)
228 3664 269 3721 cf.
285 3672 353 3721 1200
372 3670 484 3736 quaudo
500 3668 599 3723 residet
617 3673 641 3722 et
658 3670 838 3737 yeuriuauerit
858 3713 864 3725 .
884 3709 890 3721 .
910 3712 917 3724 .
936 3669 1071 3723 reddetur.

166 3739 209 3804 10)
228 3735 345 3806 Saepius
364 3738 393 3791 in
413 3738 467 3791 fine
487 3736 717 3808 distinguendum
735 3744 786 3808 est,
804 3744 837 3794 ut
855 3757 881 3794 v.
896 3743 948 3793 406
958 3755 1020 3808 sqq.
1038 3736 1115 3808 legor

162 3859 211 3897 ure
228 3844 285 3910 fuit
303 3845 391 3914 louyis
408 3844 536 3916 luyauda
553 3861 569 3898 υ
589 3846 642 3916 (uel
660 3843 700 3915 Μ)
719 3847 806 3902 breuis
823 3846 964 3901 vocalibus
982 3845 1128 3915 (vocalium
1147 3843 1201 3912 M),

163 3916 272 3985 syllaba
289 3921 321 3970 ut
339 3917 518 3986 diphthouyos
535 3917 587 3972 illa
604 3915 676 3985 (ulla
695 3917 734 3985 Μ)
754 3923 903 3986 temporum
920 3918 995 3984 fieret
1013 3918 1105 3971 trium.

162 4001 220 4040 mou
237 3988 279 4040 ila
296 3993 348 4052 cst,
366 4002 414 4040 uec
431 3991 523 4056 prima
542 3988 632 4058 lauyr's
650 4004 667 4041 υ
686 3989 762 4044 dedit
778 3990 926 4054 netimeas,

163 4058 305 4127 utriusque
322 4073 415 4113 uerum
433 4059 510 4128 oriye
527 4060 589 4114 iure
607 4060 790 4130 dipbtbouyos
807 4059 871 4128 suit.

95 4163 192 4218 Adhuc
210 4165 276 4234 post
292 4165 400 4236 syllaba
418 4166 447 4220 et
463 4166 619 4235 utriusque,
642 4181 699 4219 non
722 4166 788 4220 ante
814 4163 1047 4236 distinguebatur.
1083 4163 1151 4219 Post
1168 4180 1194 4218 v.
1209 4168 1260 4218 201

2 4221 20 4276 5
96 4233 159 4289 Keil
176 4237 312 4305 punctum
330 4236 432 4291 omisit.

165 4309 209 4373 11)
228 4306 356 4362 Editores
374 4309 428 4362 hoc
446 4306 587 4362 interdum
604 4324 662 4362 non
680 4306 749 4361 satis
764 4307 959 4376 respexerunt3
980 4321 1033 4376 ego
1047 4309 1099 4361 486
1118 4305 1184 4375 post
1195 4322 1261 4360 sem-

92 4393 150 4449 per,
167 4393 222 4431 non
241 4381 307 4433 ante
325 4377 508 4449 interpungo;
527 4376 597 4433 item
615 4379 645 4432 in
662 4376 826 4434 hexametro
847 4382 915 4432 1081
935 4377 1022 4433 verba
1040 4393 1109 4446 quas
1126 4376 1188 4429 diret
1205 4376 1261 4442 pri-
