2904 4830
165 139 229 207 298
667 135 701 191 s.
720 133 831 191 worth

167 326 247 407 esse·
261 307 381 383 poetam
408 307 573 380 novellum,
601 308 701 366 tamen
726 303 837 366 Sereno
864 304 1017 366 nominato
1046 302 1266 363 Terentianum
1295 303 1345 364 his

164 398 279 458 verbm·
300 487 385 546 1999
399 503 460 561 sqq.
485 502 556 544 nom
574 484 659 558 iprici
676 486 805 558 poeticus
822 501 878 544 suo
894 483 993 543 991999

486 575 619 639 cornino
631 589 688 648 per
705 575 805 634 corios
823 574 895 633 olore
912 589 1010 640 sonos,

480 663 618 737 9199999
635 662 689 738 itha
706 664 799 722 enodis
816 664 860 722 ito
877 665 985 722 999999

166 789 203 847 de
226 786 401 864 aequalibus
423 785 567 862 1999199
589 788 654 846 9999
677 786 742 846 1999
766 787 904 862 apparet,
926 785 1029 862 itaque
1054 783 1145 844 etium
1164 782 1348 844 Annianum

167 876 289 936 nonita
307 875 402 934 multo
421 874 565 935 maiorem
582 879 657 934 natu
675 893 740 935 esse
759 893 849 951 quam
868 874 1091 934 Terentianum.

258 964 344 1034 Quod
363 965 492 1024 fortasse
510 965 601 1024 etiam
620 965 675 1024 hac
693 983 726 1024 re
744 963 947 1042 confirmatur,
966 963 1046 1039 quod
1065 982 1081 1023 e
1099 983 1147 1024 vv.
1159 965 1249 1024 1998
1261 981 1333 1040 sqq.

485 1089 559 1148 tolio
581 1089 664 1148 docto
685 1089 807 1148 Falisco
830 1089 957 1163 1999999

486 1177 567 1237 Nom
589 1178 640 1236 tibi
661 1179 757 1236 notius
778 1177 830 1236 hoc
845 1195 936 1252 99999
959 1180 1025 1244 erit,

374 1268 460 1328 9000
484 1267 613 1326 connino
635 1267 731 1339 siquid
754 1267 790 1326 ob
813 1268 865 1326 boc
880 1283 1007 1340 posuero

172 1392 360 1470 cognoscitur
371 1389 545 1450 Terentisni
559 1391 659 1449 aetate
669 1389 799 1450 Anniani
811 1421 848 1430 —
863 1391 888 1450 si
901 1393 1003 1450 tamen
1013 1393 1095 1450 recta
1105 1393 1153 1450 eet
1161 1389 1195 1450 L.
1202 1389 1356 1451 Mueller-i

168 1481 332 1559 disputatio
348 1511 390 1522 -
406 1480 537 1538 earmina
554 1478 691 1538 lectitata
709 1483 740 1538 et
759 1478 891 1539 omnium
909 1480 941 1538 in
959 1479 1097 1539 manibus
1115 1479 1217 1539 fuisse.
1254 1479 1356 1550 Quod
1441 1493 1442 1552 ζ

169 1570 298 1632 secundo
313 1569 432 1628 saeculo
447 1568 560 1627 fectum
574 1585 639 1627 esse
653 1587 743 1645 qnam
758 1571 864 1644 postea
877 1569 972 1628 multo
987 1567 1172 1646 probabilius
1187 1570 1242 1628 est.
1260 1569 1354 1628 Nam

169 1663 248 1720 certe
262 1658 376 1717 Marius
392 1656 576 1733 Victorinus,
590 1675 771 1733 quemquam
790 1657 907 1716 scribit:
925 1659 1001 1748 quod
1016 1675 1108 1732 99999
1124 1655 1353 1718 9991919919-

169 1767 226 1808 nus
245 1747 398 1806 Faliscum
420 1763 537 1804 eormen
559 1747 703 1813 inscribit,
726 1763 794 1805 cum
818 1764 937 1807 versuse
960 1747 1075 1820 quondo
1098 1747 1215 1819 9999119
1238 1763 1259 1805 e.
1276 1764 1304 1820 9.
1321 1765 1352 1807 s.

170 1837 281 1897 Sereno
300 1835 461 1908 attribuat,
479 1835 543 1910 ipse
562 1852 679 1893 carmen
700 1853 757 1894 non
782 1835 870 1912 legit,
889 1834 941 1894 sed
963 1853 1030 1894 cum
1050 1834 1153 1894 Servio
1176 1835 1214 1893 ab
1234 1835 1353 1895 eodem
1441 1860 1442 1887 r

171 1930 208 1985 99
226 1923 346 1985 videtur
366 1923 487 1982 auctore
511 1915 685 2003 9199999991)
710 1924 834 1999 erravit,
856 1926 892 1982 99
910 1924 1038 1982 Mueller
1061 1923 1080 1984 l.
1095 1941 1118 1982 9.
1138 1943 1166 1998 p.
1182 1924 1246 1982 342
1270 1941 1352 1982 con-

170 2012 289 2073 tendat:
307 2013 367 2072 Seii
385 2013 449 2071 dem
466 2013 575 2070 niceten
592 2012 619 2070 J
617 2013 795 2072 9999999999
812 2013 919 2072 scheini
931 2010 1091 2071 Annianus
1108 2030 1167 2071 nur
1184 2012 1256 2071 nocie
1273 2013 1353 2072 sehr

169 2105 262 2176 nentp
277 2103 388 2176 peiesen
402 2101 518 2160 worden
531 2118 567 2161 su
580 2102 651 2160 sein.
679 2100 744 2161 Hoc
762 2103 863 2160 autem
882 2101 1009 2159 fortasse
1028 2101 1119 2159 etiam
1138 2100 1169 2158 in
1188 2100 1352 2160 saeculum

168 2190 292 2250 tertium
311 2189 400 2251 cadit.

258 2279 363 2356 Neque
382 2278 480 2338 minus
499 2278 537 2338 ad
557 2278 700 2339 Schultzii
723 2279 902 2338 sententiam
925 2279 1066 2354 quadrat,
1085 2277 1165 2355 quod
1183 2276 1349 2340 Annianus
1437 2349 1438 2366 χ

173 2371 203 2428 99
218 2367 391 2426 Terentiaui
410 2367 543 2442 aequalis
559 2366 720 2442 Septimius
741 2368 844 2426 eadem
863 2369 1028 2426 metrorum
1046 2367 1162 2427 ratione
1178 2362 1351 2450 auncurt)

173 2460 204 2537 et
222 2456 353 2534 Nonius,
371 2455 423 2531 qui
447 2456 626 2532 scriptorum
645 2456 784 2532 Augusto
803 2453 1003 2531 posteriorum
1028 2455 1128 2514 nullos
1149 2454 1208 2514 nisi
1227 2458 1353 2517 saeculi
1435 2468 1440 2502 θ

174 2545 296 2605 secundi
315 2545 499 2622 antiquarios
517 2536 738 2604 ¹commemorat
765 2547 818 2603 999
841 2543 985 2622 excerpit,
1009 2544 1101 2604 octies
1121 2542 1267 2603 Serenum
1289 2563 1355 2605 no·

172 2625 299 2714 mirail)
319 2637 351 2692 et
364 2631 517 2693 Diomedis
537 2637 650 2710 auctor,
668 2631 728 2712 qui,
747 2651 814 2692 cum
833 2650 953 2694 versum
971 2632 1056 2692 illum
1077 2634 1184 2692 1991999
1201 2633 1353 2695 habebare
1438 2650 1439 2675 ¹

165 2727 320 2799 praesente
333 2721 481 2782 Frontone
494 2723 620 2800 adferat,
635 2740 696 2782 non
713 2723 809 2783 multo
828 2725 897 2798 pest
911 2721 1091 2782 Frontonem
1105 2721 1198 2781 fuisse
1212 2721 1350 2802 videtur,
1436 2730 1437 2737 ’

171 2813 315 2872 Serenum
334 2813 364 2870 99
384 2812 548 2872 neotericos
567 2812 717 2871 interdum
736 2802 900 2888 adhibet.4)

259 2901 325 2960 Duc
351 2902 452 2959 autem
476 2899 618 2959 Schultzii
642 2902 819 2976 argumenta
841 2899 939 2959 adhuc
962 2900 1087 2959 restant.
1124 2898 1156 2958 P.
1172 2899 1235 2958 278
1260 2899 1349 2960 enim

174 3009 233 3050 999
258 2989 339 3049 intra
362 2988 582 3066 quinquaginta
604 3007 698 3049 annos
723 2988 902 3048 Terentiano
927 2988 1147 3064 Aphthonium,
1166 2988 1347 3064 Aphthonio

173 3078 302 3137 Marium
316 3076 513 3156 Victorinum,
528 3078 580 3154 qui
593 3080 663 3138 ante
678 3096 704 3139 a.
720 3075 826 3137 ecch.
842 3076 972 3153 scripsit,
986 3095 1073 3136 usum
1087 3094 1162 3154 esse,
1176 3077 1229 3136 scd
1243 3078 1346 3138 maius

173 3166 319 3244 temporis
339 3167 470 3241 spatium
487 3167 670 3226 intercedere
689 3167 869 3242 comprobat.

258 3254 419 3316 Praeterea
436 3254 527 3332 Iuba,
552 3273 640 3330 quem
663 3255 697 3314 L.
717 3255 845 3314 Mueller
868 3255 899 3313 in
917 3254 993 3314 Mus.
1013 3251 1106 3314 Rhen.
1121 3253 1204 3312 XXV
1219 3256 1283 3314 349
1309 3261 1346 3316 99

170 3344 289 3403 Schultz
309 3346 327 3403 1.
342 3362 367 3406 c.
386 3365 414 3421 p.
432 3346 495 3404 979
518 3344 574 3404 sub
592 3343 681 3404 finem
701 3343 814 3404 saeculi
832 3343 954 3402 secundi
968 3341 1122 3419 scripsisse
1136 3347 1267 3422 censent,
1281 3363 1344 3405 999

171 3601 191 3656 F
224 3604 237 3657 t
260 3533 298 3656 1)A
306 3529 446 3658 (ffihretiam
453 3529 560 3656 dliensii
578 3529 682 3588 librum
701 3530 736 3586 de
749 3531 819 3586 Iuba
838 3529 1002 3602 artigrapho
1017 3533 1047 3586 et
1061 3531 1195 3588 Schulteii
1209 3531 1244 3586 de
1258 3531 1341 3588 Aelio

193 3619 254 3658 eso
371 3618 434 3658 omo
472 3619 519 3657 res.

259 3675 286 3742 9)
297 3620 387 3739 Ι19999
405 3674 465 3742 ipse
485 3688 595 3742 quoque
615 3671 729 3729 Schultz
748 3671 913 3728 adferite.
934 3691 961 3744 p.
976 3677 1037 3730 978.

259 3743 595 3814 assumpsere

259 3820 286 3881 4)
305 3814 346 3870 01.
366 3814 502 3870 Schultrii
520 3816 621 3886 disput.
639 3814 658 3870 1.
674 3831 697 3872 c.
716 3832 744 3885 p.
759 3818 818 3870 969.
838 3845 873 3856 -
892 3815 1020 3872 Ceterum
1043 3815 1131 3873 etiam
1154 3814 1232 3872 alind
1256 3835 1337 3886 argu·

173 3888 298 3941 mentum
317 3902 336 3939 a
353 3887 495 3956 Leunepio
515 3886 551 3942 ad
569 3905 595 3942 r.
611 3890 662 3942 699
680 3885 837 3957 prolatum,
856 3903 1027 3956 quamquam
1045 3887 1106 3959 ipse
1125 3887 1160 3943 dc
1178 3889 1273 3944 aetate
1291 3887 1339 3943 Te

172 3956 294 4012 sentiani
311 3972 367 4010 non
385 3958 460 4010 recte
475 3956 621 4025 indicavit,
636 3957 750 4028 dignum
765 3959 810 4012 est
824 3959 900 4027 quod
913 3958 960 4014 hic
978 3959 1110 4014 addatur:
1131 3959 1261 4028 ‘Saepius
1274 3962 1339 4030 quio

174 4028 298 4084 Oiocore
310 4027 440 4098 piurimis
457 4031 531 4082 iam
549 4029 632 4084 morie
646 4028 705 4098 est].
733 4027 851 4094 Quinti
866 4033 894 4083 i:
913 4030 985 4086 iilud
1002 4047 1077 4086 9999
1090 4030 1186 4085 melius
1199 4031 1272 4100 quod
1285 4034 1339 4086 cni
1441 4053 1442 4057 ¹

172 4100 262 4154 tribue
280 4111 349 4168 quos
363 4099 498 4169 proposui
516 4099 615 4156 litteris
633 4105 785 4166 99919999,
804 4101 836 4155 19
858 4116 911 4170 999
929 4102 1026 4170 pueris
1049 4100 1128 4154 99999
1151 4101 1188 4156 od
1206 4102 1339 4173 9199999

171 4186 238 4225 sone
260 4185 356 4225 sonum
374 4185 421 4239 qu
439 4175 464 4224 et
486 4173 519 4225 oi
541 4172 703 4239 utebantur,
725 4175 832 4226 tontum
854 4173 942 4225 9999
965 4171 1014 4226 iiio
1036 4173 1096 4239 999·
1118 4171 1338 4241 dieiinpueretur.

174 4241 250 4307 Quae
273 4257 337 4296 cum
361 4239 414 4296 hoc
437 4240 598 4296 Terentiani
621 4244 682 4297 1999
706 4240 811 4295 collata
833 4240 902 4294 mihi
925 4239 1038 4310 quidem
1062 4240 1187 4296 indicare
1210 4241 1338 4298 videntur

176 4313 373 4366 'terentianum
393 4311 448 4365 nisi
468 4310 633 4377 Quintiliani
652 4309 833 4380 temporibus,
853 4313 928 4366 certe
945 4311 1031 4382 paulo
1049 4314 1116 4382 post
1132 4311 1239 4372 fnisse)
