2904 4830
592 676 826 752 Praefatio.

210 949 298 1008 Anno
327 946 618 1007 MDCOOLXXXXI
654 947 860 1007 universitatis
892 947 1059 1007 Bonnensis
1091 949 1293 1024 amplissimus

119 1039 367 1116 pbilosophorum
396 1038 468 1096 ordo
499 1037 551 1113 qui
580 1038 749 1112 proximum
781 1037 953 1095 litterarum
983 1040 1132 1096 certamen
1164 1038 1294 1097 subituri

119 1131 223 1188 essent
240 1126 385 1203 philologi
405 1126 581 1185 Terentiani
600 1125 698 1185 Mauri
718 1128 849 1204 aetatem
870 1129 1008 1185 accurata
1027 1127 1171 1186 sermonis
1190 1128 1293 1186 metri-

45 1223 51 1232 ‘
120 1237 181 1295 que
205 1215 414 1276 observatione
442 1215 598 1292 exquirere
625 1215 727 1292 iussit,
756 1216 847 1291 atque
875 1215 945 1273 anni
973 1215 1157 1291 insequentis
1191 1235 1293 1275 mense

119 1307 260 1382 Augusto
287 1305 352 1364 eius
375 1300 631 1363 commentationis
656 1322 744 1380 quam
767 1322 847 1362 nuno
870 1304 901 1361 in
924 1304 1062 1364 manibus
1086 1304 1180 1364 habes
1200 1305 1293 1380 scrip-

9 1445 15 1454 .
120 1401 218 1454 torem
232 1393 364 1469 praemio
379 1393 546 1453 donandum
562 1411 627 1452 esse
642 1392 766 1451 censuit.
785 1392 890 1467 Neque
900 1395 1002 1451 tamen
1016 1393 1095 1451 idem
1109 1383 1155 1453 est
1164 1394 1294 1453 libellus.

27 1549 38 1558 ‚
114 1483 274 1565 ,Nonnulla
300 1482 379 1541 enirn
402 1485 508 1563 postea
530 1481 645 1557 addidi,
668 1481 768 1556 plura,
797 1499 835 1539 ne
863 1481 982 1557 longior
1004 1481 1090 1540 fieret
1113 1481 1293 1560 dissertatio,

121 1591 202 1631 nunc
220 1571 316 1647 omisi,
334 1575 424 1646 atque
443 1571 589 1646 imprimis
609 1589 653 1648 ea,
673 1588 749 1647 quae
768 1569 806 1628 ad
826 1573 955 1629 aetatem
970 1571 1125 1646 scriptoris
1141 1572 1295 1646 exquiren-

122 1662 192 1720 dam
211 1661 309 1719 minus
328 1661 538 1736 valerent,vut
555 1659 682 1719 indicem
701 1659 862 1737 verborum
885 1659 1138 1736 memorabilium,
1157 1660 1209 1736 qui
1226 1661 1294 1735 plus

121 1751 246 1810 tertiam
270 1748 528 1809 commentationis
557 1751 674 1824 partem
702 1748 969 1824 amplectebatur,
997 1751 1027 1807 et
1055 1751 1151 1808 totam
1177 1752 1293 1825 partem

121 1839 287 1900 metricam.

178 1939 180 1944 ’
212 1928 291 1986 Nam
313 1926 594 1986 ratiocinationibus
620 1945 638 1985 a
660 1946 693 1986 re
721 1926 846 1984 metrica
873 1925 976 2002 petitis
1001 1929 1131 1986 aetatem
1154 1927 1294 1986 carminis

30 2013 34 2018 ’
90 2063 94 2068 .
127 2016 229 2075 Latini
249 2016 371 2076 definire
387 2035 453 2074 cum
467 2015 587 2076 omnino
601 2018 667 2076 tum
685 2015 717 2074 in
730 2015 786 2074 hae
800 2014 974 2090 quaestione
989 2015 1062 2074 satis
1076 2015 1224 2074 lubricum
1240 2019 1294 2092 est,
1333 2014 1335 2018 ’

126 2105 267 2182 quoniam
290 2108 321 2164 et
336 2105 476 2164 carmina
493 2108 563 2180 post
580 2104 753 2164 Iuvenalem
773 2103 900 2163 saeculis
919 2104 1047 2163 secundo
1066 2107 1097 2163 et
1110 2105 1199 2164 tertio
1214 2105 1295 2163 facta

122 2213 262 2270 magnam
285 2195 403 2270 partem
425 2193 605 2253 interierunt
627 2197 658 2253 et
681 2211 729 2252 ars
748 2193 949 2252 Romanorum
971 2193 1096 2252 metrica
1118 2193 1178 2252 iarn
1196 2195 1292 2252 multo

122 2287 193 2342 ante
212 2284 330 2342 exculta
353 2285 431 2360 erat,
454 2285 491 2341 ut
515 2283 552 2340 ad
578 2282 711 2358 priorum
729 2285 886 2358 poetarum
905 2283 1040 2359 exempla
1057 2283 1125 2359 plus
1144 2282 1243 2342 minus
1262 2301 1294 2342 se

123 2372 310 2448 applicarent
336 2371 526 2448 posteriores.
577 2372 622 2430 Ea
645 2372 724 2430 enim
756 2373 822 2430 erat
851 2370 984 2431 condicio
1013 2371 1113 2447 poesis
1142 2371 1294 2432 Romanae

124 2461 343 2538 posterioribus
368 2460 567 2537 temporibus,
590 2465 627 2520 ut
645 2463 677 2520 et
694 2460 886 2536 antiquorum
903 2478 1025 2519 normae
1044 2464 1074 2519 et
1091 2460 1231 2520 licentiae
1249 2481 1294 2520 re-

127 2550 293 2609 centiorum
311 2568 371 2608 una
394 2550 557 2625 eademque
582 2552 682 2608 aetate
706 2552 737 2608 et
755 2549 986 2609 observarentur
1004 2553 1036 2609 et
1052 2550 1293 2629 neglegerentur,

125 2642 195 2715 post
221 2657 327 2700 versus
357 2638 575 2698 semibarbaros
605 2639 714 2698 exculti
739 2657 844 2698 rursus
873 2638 1054 2716 expolitique
1081 2643 1293 2716 pungerentur,

127 2732 228 2788 certus
248 2731 350 2788 autem
369 2745 544 2804 progressus
569 2728 600 2785 in
618 2727 755 2787 versibus
780 2727 1174 2788 artificioseconstituendis
1194 2747 1293 2803 saepe-

122 2837 247 2877 numero
266 2817 396 2892 conspici
414 2820 553 2894 nequeat.

213 2906 318 2984 Neque
336 2925 407 2967 vero
432 2924 507 2981 quae
532 2907 569 2964 de
593 2906 766 2966 elisionibus
790 2908 845 2964 aut
868 2905 904 2964 de
924 2905 1050 2982 synizesi
1076 2909 1129 2964 eut
1148 2906 1184 2964 de
1203 2907 1294 2982 sylla·

125 2997 234 3054 barum
251 2995 401 3076 mensuris
420 2995 600 3071 collegeram
614 3013 692 3053 nunc
707 2995 817 3072 addidi,
835 3013 903 3054 cum
920 2993 1010 3053 etiam
1025 3013 1060 3052 ex
1072 2995 1120 3053 his
1134 3013 1183 3054 ars
1197 2995 1294 3071 magis

129 3103 220 3161 quam
240 3087 323 3144 aetas
343 3088 548 3161 cognoscatur.
584 3083 664 3142 Nam
686 3102 725 3142 ne
744 3102 761 3142 o
780 3083 900 3160 quidem
922 3084 1043 3142 litterae
1061 3083 1159 3144 finalis
1178 3102 1214 3143 ex
1233 3102 1296 3142 cor-

121 3174 275 3250 reptione,
298 3173 384 3232 unico
410 3173 489 3248 quod
512 3175 621 3233 vocant
644 3173 819 3231 documento
842 3171 928 3230 firmo
952 3174 1092 3248 certoque
1115 3172 1154 3231 ad
1172 3171 1295 3231 eircum-

123 3261 311 3322 seribendam
330 3261 511 3337 scriptorum
532 3264 671 3337 aetatem,
689 3261 771 3319 aliud
790 3261 947 3337 quicquam
971 3263 1051 3320 certe
1070 3262 1294 3320 demonstratur

123 3351 183 3410 nisi
201 3351 281 3427 quod
298 3351 416 3411 ostendi
433 3369 493 3410 non
519 3368 593 3427 opus
617 3352 695 3410 erut:
719 3349 932 3408 Terentianum
950 3349 1092 3409 Iuvenale
1112 3369 1177 3410 esse
1194 3352 1292 3425 poste·

127 3441 245 3500 riorem.
281 3439 388 3514 Itaque
418 3440 455 3498 de
482 3439 587 3499 metria
611 3438 784 3497 Terentiani
811 3439 866 3497 hoo
889 3440 953 3498 loeo
976 3438 1007 3496 id
1030 3441 1149 3499 tantum
1172 3458 1294 3498 monere

122 3529 214 3587 liceat
232 3547 330 3606 neque
348 3531 513 3587 metrorum
536 3530 632 3587 artem
650 3546 747 3604 neque
770 3545 925 3587 mensuras
953 3528 1136 3603 syllabarum
1157 3547 1208 3588 eas
1227 3546 1293 3587 esse

121 3617 236 3692 videri,
260 3621 295 3676 ut
314 3616 510 3677 Terentianus
534 3620 603 3693 post
621 3617 662 3675 M.
682 3617 839 3676 Aurelium
862 3616 1074 3692 imperatorem
1097 3617 1191 3676 libros
1215 3635 1292 3676 com-

121 3707 260 3784 posuisse
279 3706 444 3766 censendus
465 3706 514 3766 sit.
