2904 4830
411 179 453 235 De
473 180 637 236 Terentiani
655 197 782 236 sermone
801 182 830 236 et
848 183 950 238 aetate.
1200 183 1264 248 307

90 365 197 425 suum,
224 348 401 424 praesertim
431 367 498 408 cum
525 351 652 409 materia
680 350 817 426 angustis
845 350 982 409 terminis
1011 350 1184 410 circumcisa
1216 349 1264 423 sit,

88 455 206 512 magna
231 437 442 497 vocabulorum
472 438 559 514 copia
581 438 716 497 adhiberi
738 441 852 515 potest,
876 441 907 497 et
929 439 1008 515 quod
1032 439 1148 497 dicendi
1170 457 1264 514 genus

88 530 272 603 argumento
291 528 396 601 aptum
420 529 510 604 esset,
529 527 643 586 humile
662 526 727 586 dico
747 529 778 586 61
796 529 980 604 consuetum,
1000 527 1210 601 Terentianus,
1230 531 1265 586 ut

89 616 139 673 est
160 614 290 687 sobrius,
310 618 390 674 recte
409 616 564 692 cognovit,
582 616 661 693 quod
681 633 749 674 oum
773 616 909 676 omnibus
933 615 1069 676 versibus
1094 635 1186 692 supra
1212 616 1265 674 ad-

89 701 166 762 latis
185 703 316 762 tumbis
336 704 518 763 ostenditur:

260 828 324 885 284
347 829 455 887 intueri
472 846 522 887 cos
540 833 648 902 oportet
666 872 886 890 .........

185 918 247 976 296
260 935 322 991 sqq.
344 917 435 975 66666
452 918 479 976 si
496 935 554 976 noc
572 920 699 991 oppetita
717 923 894 978 6666666616
907 919 1061 992 plurimis,

347 1006 398 1065 scd
414 1005 477 1077 fere
494 1009 654 1066 commeate
671 1024 743 1066 osce
761 1011 787 1065 61
805 1011 900 1066 tamea
918 1009 1079 1067 66666616

346 1096 487 1154 carminis
504 1099 622 1154 caecat
638 1096 781 1155 6666666.

88 1219 137 1278 Α6
160 1221 262 1277 tamen
284 1217 316 1276 in
339 1216 466 1296 siugulis
489 1221 579 1280 rebus
604 1219 802 1296 exprimendis
827 1219 899 1279 66116
918 1220 1035 1280 varium
1058 1238 1089 1279 sc
1115 1219 1263 1295 praebuit,

88 1309 179 1369 velut
197 1311 232 1366 ut
249 1306 421 1366 litterarum
440 1308 494 1366 661
506 1326 613 1368 vocum
628 1308 763 1369 ordinem
777 1308 966 1386 describeret,
981 1309 1080 1368 verbis
1095 1308 1264 1368 transitivis

89 1402 122 1456 et
141 1395 342 1456 intransitivis
362 1414 433 1455 usus
453 1401 500 1456 cst
517 1397 580 1457 his:

88 1512 301 1668 †(2113ce(lere¹)
324 1515 411 1597 post:
438 1523 521 1581 1158
542 1522 649 1582 accedit
668 1523 765 1582 litteo
776 1526 845 1596 post
863 1523 1002 1599 ductum

87 1621 267 1757 ddhtleliere
299 1701 381 1760 1741
408 1717 462 1775 per
485 1719 517 1759 se
540 1699 685 1778 positum,
715 1702 777 1760 786
802 1719 867 1759 6616
893 1699 994 1759 dativo
1020 1699 1207 1758 coniunctum
1231 1701 1264 1758 ut

136 1789 314 1864 plerumque
333 1789 413 1863 apud
431 1793 535 1864 poetas
555 1792 646 1865 atque
663 1794 732 1865 post
751 1788 903 1848 Christum
922 1789 1012 1847 etiam
1032 1790 1063 1846 in
1081 1806 1179 1864 prosa.

89 1869 266 1953 †edieeere
286 1876 410 1937 verbum
428 1877 527 1953 ipsum
546 1879 693 1937 usitatum
713 1881 768 1955 cst,
782 1877 835 1937 ssd
850 1878 936 1937 1035
951 1881 982 1936 61
998 1879 1083 1936 1320
1101 1877 1266 1936 insolenter

137 1985 157 2024 a
174 1965 353 2024 Terentiano
373 1966 412 2024 ad
431 1965 565 2025 ordinem
583 1966 755 2026 litterarum
774 1964 994 2043 designandum
1012 1966 1201 2026 translatum.

89 2047 277 2129 adiungere.

90 2135 269 2203 adnectere.

89 2224 259 2309 adponere.

91 2316 286 2398 anteponere
320 2323 393 2390 217,
414 2323 489 2398 675,
515 2323 577 2382 678
607 2324 641 2380 61
669 2339 714 2398 ap.
741 2323 811 2382 Tac.
838 2323 870 2380 61
897 2320 998 2391 Quint.
1025 2320 1145 2396 proprio
1174 2338 1265 2380 sensu

137 2410 227 2469 locali
246 2412 425 2486 usurpatum
444 2415 497 2470 est.

90 2495 206 2576 aptare
225 2500 266 2558 89
286 2516 412 2559 consono
425 2500 571 2560 occultius
585 2504 695 2573 optare,
717 2501 801 2559 1576
820 2503 923 2572 aptore
936 2500 1046 2558 duobus
1060 2499 1263 2573 (compareas)

136 2591 213 2659 tria·
236 2587 374 2646 similiter
393 2589 448 2647 hoc
466 2589 592 2649 verbum
610 2592 679 2664 post
696 2593 801 2664 poetas
819 2587 886 2647 aevi
905 2586 1055 2663 Augustei
1077 2587 1262 2664 posteriores

137 2677 302 2752 scriptores.
318 2677 438 2751 saepius
456 2676 607 2737 adhibent.

91 2757 241 2825 claudere
262 2766 347 2825 2618
368 2765 477 2826 claudit
495 2766 580 2840 lenyc
598 2767 709 2825 breuem
728 2767 850 2826 ulturum
871 2764 890 2825 i.
906 2783 931 2824 6.
949 2764 1094 2840 sequitur.

91 2848 188 2914 coire.

90 2935 271 3003 cohaerere.

91 3026 241 3093 comitari
266 3032 352 3092 1087
365 3033 470 3106 pedem
483 3034 615 3106 primurm
632 3034 758 3107 6161666
776 3033 958 3092 comitabitur
977 3031 1058 3090 ulter.

90 3131 274 3197 comparere
299 3123 385 3181 2966
406 3123 532 3180 trimetro
551 3123 671 3194 epactam
690 3125 846 3194 comparat.

89 3202 280 3286 compellere
304 3203 396 3284 sequi
430 3210 492 3268 888
518 3208 649 3269 Graccus
672 3211 813 3283 compellit
836 3209 918 3268 illam
940 3206 1082 3281 (litterum
1106 3206 1140 3282 μ)
1166 3204 1263 3268 δέλτα

135 3301 223 3371 sequi.
260 3297 305 3356 De
323 3299 380 3357 hoc
398 3297 489 3358 verbo
513 3317 581 3356 cum
603 3297 684 3357 infin.
704 3299 859 3358 coniuncto
878 3319 905 3359 6.
924 3297 1015 3368 infra,
1037 3296 1089 3356 ubi
1112 3297 1148 3356 de
1168 3296 1263 3355 modis

137 3387 194 3464 egi.
218 3385 397 3462 Maecianus,
412 3386 463 3461 qui
472 3387 531 3445 fuit
540 3389 725 3463 temporibus
735 3386 880 3446 Antonini
889 3385 935 3442 Pii
946 3389 976 3443 et
992 3402 1128 3444 sermone
1144 3385 1262 3462 vulgari

135 3493 209 3534 usus
236 3479 295 3548 est,
321 3475 377 3535 hoc
395 3474 521 3535 verbum
546 3475 697 3550 undecies,
723 3475 848 3536 verbum
874 3474 990 3548 repectit
1013 3473 1172 3550 quinquies
1196 3493 1263 3534 curn

135 3562 307 3623 16166661.

87 3646 266 3713 conectere.

87 3736 294 3816 coniungere.

86 3823 242 3905 consequi
266 3831 702 3908 162,1555,1639,1903,
727 3831 813 3889 2842
841 3829 939 3889 minus
963 3829 1039 3889 bene
1063 3829 1102 3886 ad
1125 3827 1257 3887 ordinem

135 3917 353 3996 designandum
372 3938 426 3994 pro
446 3913 572 3995 simplici
590 3919 681 3980 verbo
696 3921 831 3992 sequendi
846 3918 1014 3993 adhibetur,
1036 3917 1073 3976 cf.
1088 3915 1185 3976 Krebs
1199 3935 1222 3977 s.
1230 3936 1258 3976 6.

86 4001 253 4068 continere
270 4009 354 4067 1215
374 4009 482 4067 6666116
499 4010 526 4067 si
543 4009 634 4068 adom
657 4010 799 4067 contineat
822 4009 841 4066 i.
856 4027 881 4066 6.
900 4006 1065 4065 subiectam
1085 4007 1195 4065 habeat
1214 4006 1262 4064 vel

135 4095 162 4156 si
180 4096 315 4155 vocalem
334 4113 499 4156 consonans
517 4096 633 4173 liquida
651 4101 804 4173 sequatur.

180 4285 208 4352 1)
227 4281 305 4348 Quiae
324 4283 476 4338 insolenter
493 4300 510 4336 a
527 4282 695 4338 Terentiano
714 4284 891 4351 usurpantur,
914 4282 958 4337 his
976 4282 1005 4335 in
1024 4281 1136 4351 paginis
1162 4279 1260 4335 addito

86 4355 180 4412 erucis
199 4356 280 4424 signo
298 4355 403 4424 notavi,
422 4371 494 4422 quae
513 4355 548 4409 ab
567 4371 601 4409 eo
620 4355 688 4422 solo,
708 4353 788 4422 signo
807 4354 924 4409 duarum
944 4352 1076 4407 crucium.

1015 4445 1047 4492 ‘21
