2904 4830
213 185 279 249 304
533 231 538 246 ,
716 185 749 238 r.
768 156 882 238 wera}

301 351 364 412 Nec
381 370 442 411 non
456 350 611 411 collocatio
626 351 785 410 verborum
799 369 965 410 sermonem
980 349 1175 410 cottidianum
1191 352 1284 428 sepit.
1310 355 1398 414 Nam

197 462 278 502 -cum
302 442 430 501 aliorum
447 441 608 500 verborum
631 443 696 499 tum
719 440 936 516 particularum
959 439 1113 499 collocatio
1136 442 1226 500 valde
1251 441 1396 502 insolens

212 550 300 608 saepe
320 534 350 591 et
369 529 493 590 mirifica
512 532 571 604 est,
595 531 685 607 atque
709 530 782 588 adeo
808 532 844 588 ut
861 527 1035 588 Lachmann
1052 529 1084 587 id
1102 528 1256 590 inferioris
1278 534 1397 592 aetatis

211 621 354 681 indicium
373 638 438 679 esse
456 619 608 694 professus
637 618 685 677 sit.
723 617 807 687 Quod
830 617 991 678 concedere
1013 636 1135 694 nequeo.
1172 619 1286 698 Neque
1310 623 1396 680 enim

212 713 321 770 natura
348 728 448 768 rerum
476 709 507 766 ot
533 707 705 784 linguarum
736 724 898 782 progressu
925 706 990 766 fieri
1018 707 1107 781 solet,
1136 711 1170 766 ut
1198 710 1395 784 posteriores

214 800 373 875 scriptores
390 797 422 857 in
441 796 497 855 bac
515 815 548 856 re
566 796 690 855 liberius
705 814 737 854 se
755 798 871 872 gerant.
904 793 962 854 Sed
980 795 1099 854 omnino
1118 796 1148 855 in
1169 815 1314 858 sermone
1330 803 1396 860 cot

211 889 326 947 tidiano
353 890 384 946 et
410 885 531 963 vulgari
558 885 695 944 omnibus
723 884 909 961 temporibus
940 883 1033 944 verba
1065 885 1159 944 multo
1191 887 1327 948 liberius
1364 893 1397 947 et

212 976 340 1037 solutius
360 993 449 1053 quam
469 975 560 1051 vulgo
579 973 756 1034 credebatur
773 975 873 1049 posita
896 977 975 1032 sunt.
1013 972 1106 1033 Velut
1124 974 1292 1035 discrimen
1312 977 1396 1054 quod

210 1065 290 1125 inter
303 1065 475 1125 Vitruvium
495 1067 525 1123 et
545 1063 609 1123 eius
628 1063 768 1139 aequales
786 1063 842 1121 hoc
860 1063 978 1121 nornine
996 1063 1163 1122 intercedat
1184 1066 1339 1141 exemplis
1356 1067 1396 1124 ab

211 1154 395 1214 Eberhardio
414 1149 475 1229 (De
493 1152 570 1212 Vitr.
589 1172 655 1229 gen.
676 1153 730 1210 dic.
749 1153 827 1227 part.
842 1144 887 1232 H)
915 1151 1047 1210 collectis
1071 1170 1248 1228 cognoscere
1278 1173 1396 1230 operae

211 1248 258 1304 est
275 1235 447 1323 pretium1).
475 1241 590 1300 Deinde
605 1259 671 1300 cum
687 1241 724 1299 ad
743 1240 817 1300 alias
836 1241 968 1300 rationes
986 1243 1052 1299 tum
1066 1241 1104 1299 ad
1123 1241 1200 1300 hanc
1214 1247 1396 1305 metrorum

210 1332 373 1392 necessitas
391 1330 512 1390 maximi
530 1330 672 1390 momenti
692 1330 763 1406 fnit3
781 1330 817 1388 cf.
838 1349 914 1407 qnae
931 1328 1011 1387 infra
1029 1329 1061 1387 in
1080 1348 1204 1389 excursu
1224 1331 1393 1392 disseram.

211 1421 335 1482 Accedit
363 1419 455 1480 tertie
483 1437 573 1480 causa
599 1417 787 1496 gravissima.
829 1418 908 1476 Nam
931 1436 1020 1494 saepe
1044 1418 1188 1478 inusitate
1213 1423 1397 1494 particulae

213 1515 380 1587 ponuntur,
408 1508 459 1568 ubi
491 1511 588 1566 metra
619 1507 695 1566 nulli
721 1507 935 1582 impedimento
964 1510 1045 1580 sunt,
1062 1511 1118 1566 et·
1137 1509 1258 1569 omnino
1290 1511 1397 1586 pluri-

212 1601 268 1659 bus
296 1599 370 1659 locis
394 1601 424 1658 et
446 1598 623 1656 insolentius
647 1615 735 1672 saepe
758 1596 851 1656 verba
873 1597 1069 1674 collocantur,
1092 1615 1182 1673 quam
1205 1600 1241 1658 ut
1265 1599 1331 1659 hoc
1359 1620 1396 1659 ex

212 1687 367 1749 cottidiani
386 1686 531 1748 sermonis
550 1705 607 1746 usu
628 1716 666 1726 -
688 1685 881 1761 nequeenim
899 1703 1043 1760 umquam
1069 1687 1228 1762 qnisquam
1247 1687 1295 1745 ita
1318 1690 1396 1748 scri-

211 1778 281 1837 bere
302 1776 490 1837 debebat-
510 1778 563 1833 aut
585 1794 601 1833 e
624 1777 789 1834 metrorum
812 1773 989 1833 difficultate
1011 1774 1108 1850 repeti
1131 1774 1236 1850 possit.
1272 1775 1395 1855 Itaque

210 1865 266 1926 hoc
289 1885 348 1926 non
373 1864 517 1940 temporis
541 1863 682 1923 indicium
709 1865 768 1941 eat,
794 1863 846 1922 sed
868 1863 979 1922 laboris
998 1863 1036 1922 ad
1054 1863 1203 1923 insuetam
1221 1865 1395 1926 verborum

210 1955 390 2031 positionem
408 1953 528 2014 conlati.
560 1953 624 2012 Hac
643 1952 723 2011 enim
741 1971 782 2028 re,
802 1952 828 2012 si
845 1954 928 2012 recte
945 1951 1042 2011 iudico
1060 1953 1120 2012 stili
1138 1953 1234 2013 leuare
1252 1955 1393 2016 siccioris
1431 1955 1432 2040 l

211 2045 338 2105 taedium
357 2034 452 2125 (282)
475 2044 520 2119 et,
542 2060 609 2100 cum
633 2041 670 2099 ab
689 2041 802 2100 inculto
826 2059 962 2100 sermone
980 2059 1039 2100 non
1062 2041 1199 2101 recedere
1218 2042 1394 2121 videretur,
1431 2043 1432 2092 l

211 2138 313 2192 tamen
335 2131 483 2208 poeticum
504 2130 652 2208 quendam
671 2132 701 2188 et
719 2130 757 2188 ab
777 2129 910 2190 oratione
929 2131 1078 2189 communi
1097 2131 1323 2206 discrepantem
1345 2154 1394 2194 co·
1431 2195 1432 2204 ,

210 2223 305 2283 loram
324 2222 464 2281 inducere
483 2220 613 2297 studuit,
631 2238 720 2296 quem
739 2218 854 2279 sonoris
878 2220 1033 2278 rhetorum
1055 2220 1154 2280 verbis
1178 2225 1232 2280 aut
1255 2223 1393 2296 poeticis

211 2310 391 2371 dictionibus
415 2313 522 2369 natura
547 2309 717 2386 argumenti
739 2327 793 2368 nec
820 2312 940 2384 poterat
965 2326 1136 2385 comparere
1163 2327 1217 2368 nec
1242 2309 1392 2372 debebat.

210 2399 317 2476 Itaque
335 2418 404 2459 cnm
423 2402 451 2458 st
438 2398 556 2458 rtrdium
574 2397 782 2475 neglegentiae
800 2398 954 2472 accedat,
946 2415 1007 2456 1am
1021 2398 1065 2456 alt
1053 2401 1117 2457 tera
1132 2398 1243 2457 saeculi
1258 2403 1392 2460 secundi

209 2492 297 2566 parta
319 2488 412 2548 verba
438 2506 498 2547 non
525 2487 623 2547 minus
647 2505 736 2564 quam
759 2486 848 2546 tertio
873 2443 989 2546 saebulc
1013 2489 1077 2546 tam
1102 2487 1219 2546 insuete
1238 2487 1393 2602 collocari

210 2577 371 2654 potuisse
363 2597 393 2636 m
395 2576 484 2636 terim
503 2575 722 2636 concedendum
741 2579 795 2635 est.

300 2665 359 2725 Sed
377 2667 451 2725 haec
469 2684 546 2741 qnae
564 2665 601 2724 de
620 2664 787 2724 elocutione
802 2664 974 2724 Terentiani
993 2663 1053 2723 dixi
1073 2665 1110 2724 ad
1129 2665 1284 2741 sequentia
1299 2673 1392 2729 recte

211 2756 396 2815 aestimanda
411 2755 547 2814 sulficere
560 2757 642 2829 puto.
656 2751 686 2812 It
674 2759 762 2831 taque
777 2754 945 2814 accuratius
959 2771 995 2812 ea
1005 2772 1151 2829 exponere
1168 2756 1222 2813 ant
1236 2760 1391 2833 exemplis

210 2845 373 2906 inlustrare
391 2862 468 2902 nuno
486 2863 546 2903 non
564 2845 596 2902 in
614 2842 713 2901 animo
733 2847 791 2920 est,
815 2843 867 2902 sed
891 2841 994 2902 statim
1018 2842 1055 2901 ad
1079 2843 1194 2920 copiam
1219 2845 1392 2906 verborum

212 2938 242 2993 et
268 2935 306 2992 ad
332 2933 480 3010 syntaxim
503 2932 652 3005 transibo,
675 2934 835 3008 postquam
858 2932 959 3007 paucis
982 2950 1210 3010 praemonuero,
1233 2937 1390 3010 qnatenus

212 3023 410 3083 Terentianus
430 3023 534 3082 metris
553 3021 715 3098 impeditus
734 3022 781 3080 sit.

711 3369 881 3437 Excursus.

396 3502 514 3562 Matre
536 3503 758 3564 Terentiano
781 3502 1040 3579 impedimento
1064 3501 1191 3562 fuisse.

301 3645 447 3706 Carminis
468 3645 607 3705 didactici
626 3645 704 3705 ratio
723 3663 847 3720 prorsus
867 3645 926 3703 alia
946 3649 992 3705 est
1015 3664 1050 3705 ac
1073 3645 1171 3704 melici
1189 3643 1238 3704 vel
1256 3645 1383 3708 heroici.

210 3735 258 3795 lbi
277 3737 353 3794 enim
375 3755 443 3794 cum
462 3735 574 3794 liberae
594 3737 625 3794 et
642 3733 862 3812 metrismagis
882 3734 1001 3794 adiutae
1022 3754 1112 3813 quam
1135 3733 1297 3810 impeditae
1316 3752 1386 3794 sen·
1431 3731 1432 3816 l

211 3825 324 3883 tentiae
348 3825 581 3901 progrediantur
604 3827 635 3882 et
659 3823 752 3883 verba
774 3823 891 3898 poetica
915 3823 1118 3896 effundantur,
1142 3823 1174 3880 in
1197 3823 1309 3880 artium
1333 3841 1384 3881 ex-

211 3912 378 3988 plicatione,
393 3913 573 3988 praesertim
591 3913 693 3970 autem
711 3911 742 3969 in
761 3913 825 3970 tam
843 3912 944 3971 ieiuna
957 3911 1083 3972 materia
1101 3930 1191 3988 quam
1205 3914 1253 3970 est
1270 3915 1383 3970 metro·
1431 3935 1432 3942 ¹

212 4020 280 4060 rum
298 4001 449 4078 tractatio,
464 4020 562 4060 sermo
581 4020 640 4070 non
658 3999 752 4058 libere
771 4002 893 4078 evagari
910 4019 965 4060 nec
983 4003 1077 4062 verba
1095 3999 1198 4060 metris
1218 4002 1289 4076 apta
1308 3999 1382 4076 eligi

213 4093 348 4167 possunt,
363 4088 416 4149 sed
430 4108 504 4166 quas
520 4089 683 4151 sententias
697 4107 745 4148 res
761 4090 949 4165 exponendae
964 4090 1111 4166 flagitant,
1120 4093 1260 4150 accurate
1274 4089 1379 4150 metris

212 4179 419 4255 exprimendae
439 4181 516 4239 sunt.

300 4365 327 4432 1)
346 4363 386 4418 Ol.
406 4365 491 4419 etiam
511 4363 645 4418 Daiatzko
664 4365 701 4418 nd
718 4363 779 4418 Ter.
798 4363 909 4420 Phorm.
924 4369 974 4420 261
995 4363 1071 4419 etin
1091 4363 1180 4435 suppl
1200 4362 1261 4422 crit.
