2904 4830
400 187 441 243 De
459 187 622 244 Terentiani
639 205 764 244 sermone
783 191 812 243 et
830 189 932 244 aetate.
1183 187 1245 252 321

556 363 605 416 De
627 361 772 430 syntaxi.

160 499 225 559 Pro
257 498 426 558 nominibus
459 499 655 561 substantivis
684 518 773 576 saepe
800 500 947 561 adiectiva
977 501 1130 577 ponuntur
1157 503 1247 576 atque

49 589 207 663 primum
239 587 359 665 quidem
392 606 440 666 ea,
472 587 580 662 quibus
611 589 732 649 nomina
763 589 953 649 substantiva
979 589 1163 666 cogitatione
1195 588 1246 647 ad·

50 677 176 735 denda
203 667 315 758 sunt1).
361 676 438 735 Nam
466 680 501 736 ut
522 695 578 750 pes
604 695 705 738 uersus
731 678 819 753 talia,
847 697 914 736 cum
943 681 1039 738 metro
1066 678 1247 754 postuletur,

51 765 245 826 nominibus
281 782 387 841 reapse
420 766 615 824 substantivis
647 765 815 843 adduntur,
847 767 891 825 ita
928 785 1016 844 saepe
1053 767 1167 842 spllala
1193 784 1248 840 pes
1314 819 1318 827 s

51 871 178 913 uersus
191 855 269 914 777777
282 853 393 914 similia
412 853 601 928 omittuntur,
621 858 655 913 ut
672 855 752 930 apud
771 854 858 914 IOtos
878 858 952 914 actio
970 857 1015 914 777
1028 855 1111 915 talia.
1140 853 1245 914 Velut:

57 945 133 1002 550
147 960 196 1018 sq.
223 947 334 1016 tempus
359 961 451 1001 unum
473 945 534 1002 iam
557 947 683 1002 tenemus
702 962 760 1003 esse
783 947 920 1017 correptis
942 947 1042 1003 datum
1064 935 1142 1025 (scil.
1161 962 1246 1004 voca·

54 1025 186 1112 libus),
213 1033 283 1091 bina
299 1033 460 1104 productus
487 1025 564 1110 (scil.
588 1024 720 1113 vocales)
746 1033 850 1092 7776777
871 1050 923 1092 nec
949 1035 1046 1092 minus
1073 1037 1247 1106 compertum

56 1123 131 1187 erit,
158 1121 223 1180 615
237 1121 413 1194 productam
433 1111 509 1202 (scil.
528 1113 691 1202 vocalem),
717 1123 802 1182 1094
813 1139 855 1198 sq.
875 1124 922 1180 cui
940 1124 967 1180 si
985 1123 1118 1195 dactylici
1133 1123 1247 1196 pencris

58 1210 261 1283 sccbiwnpitur
279 1209 352 1268 alter
371 1199 448 1290 (scil.
466 1200 534 1289 pes)
553 1211 710 1282 apenninis
729 1200 807 1291 (soil.
827 1201 1073 1291 consonantibus)
1092 1215 1180 1278 crtus,
1200 1212 1247 1269 cui

58 1299 100 1355 sit
122 1315 240 1371 quoque
258 1299 343 1356 tertia
358 1291 436 1378 (scil.
451 1297 562 1376 littera,
575 1296 594 1356 i.
610 1316 634 1357 e.
648 1297 745 1374 prima
758 1289 885 1379 vocalis)
900 1301 994 1374 loupa
1016 1301 1099 1358 1139
1114 1301 1247 1372 primum

62 1388 197 1445 decime
205 1386 352 1460 Maronis,
369 1387 453 1446 1173
469 1388 592 1445 emunda
605 1379 709 1466 (loco),
726 1390 809 1448 1209
825 1389 934 1447 uocalis
947 1389 1058 1447 mediae
1071 1379 1246 1470 (syllabae),

63 1476 165 1534 1214
192 1477 301 1536 uocalis
320 1475 439 1549 77777777
466 1469 644 1555 (syllabae),
674 1478 759 1537 1215
782 1479 952 1550 aculeusque
975 1469 1135 1558 (syllaba),
1160 1478 1245 1535 1216

59 1566 273 1637 praepositum
291 1565 392 1637 7777777
409 1555 545 1646 (vocali),
566 1565 650 1622 1219
674 1566 700 1623 77
718 1567 809 1638 suerit
821 1571 952 1639 correpta
965 1582 1084 1638 sequens
1098 1555 1246 1646 (syllaba)

64 1657 90 1710 et
111 1654 205 1712 tertia
223 1644 368 1733 (syllaba)
388 1653 456 1712 talis
472 1654 620 1726 iunpenda
639 1657 694 1720 est,
716 1655 798 1713 1261
825 1656 910 1726 siqua
926 1656 1012 1727 prior
1034 1670 1085 1712 scu
1101 1656 1247 1726 posterior

66 1731 225 1822 (syllaba)
240 1745 372 1816 correpta
385 1742 506 1808 locatur,
528 1741 612 1800 1263
622 1744 709 1815 prior
724 1734 879 1823 (syllaba),
901 1743 985 1801 1264
999 1745 1087 1816 prior
1101 1735 1246 1822 (syllaba)
1342 1792 1346 1801 .

64 1830 115 1888 hic
137 1831 235 1889 breuis
248 1834 289 1888 est
302 1830 368 1898 Rc,
385 1831 470 1889 1268
485 1848 543 1903 pro
554 1832 678 1904 pemiuis
691 1822 857 1911 (consonis)
872 1833 1013 1905 duplicem
1026 1822 1144 1912 (oona),
1161 1831 1244 1890 1365

66 1912 229 1992 bisspaxuv
248 1919 345 1978 7777777
360 1918 475 1986 Graeci,
490 1920 565 1991 quod
577 1921 616 1978 sit
628 1920 768 1980 ambabus
783 1922 885 1988 breuis,
907 1922 990 1980 1503
1007 1925 1038 1978 al
1051 1923 1100 1994 qui
1113 1921 1246 1979 breuibus

62 2010 250 2080 praepositis
268 2008 369 2066 dunde
387 2009 488 2081 tmpus
506 2010 656 2081 acceperit,
678 2009 762 2068 1514
773 2027 814 2086 sq.
828 2010 918 2082 pedes
933 2009 1046 2083 pemelli
1062 2013 1165 2082 arpent
1181 2009 1244 2068 brc-

67 2097 161 2153 uibus
187 2100 226 2154 tot
251 2113 371 2155 numero
398 2098 525 2170 iupondo
553 2097 666 2170 7777777,
697 2098 781 2156 1517
810 2101 998 2171 anapaestico
1021 2088 1146 2177 (metra)
1169 2098 1246 2170 fiunt

70 2185 175 2242 itidem
195 2202 253 2258 per
281 2179 471 2262 ευνὰφειαν,
501 2186 585 2245 1566
598 2203 640 2261 sq.
669 2179 758 2259 opem
781 2189 909 2259 quotiens
931 2189 962 2246 iu
981 2189 1105 2260 paulinis
1128 2182 1246 2245 θέεινυε

74 2290 207 2350 qucum,
223 2269 527 2347 προκελευεματικὸε
546 2276 615 2333 binc
634 2275 721 2342 dabit,
740 2293 859 2348 sequens
877 2280 1026 2348 quatum,
1048 2276 1132 2333 1612
1149 2291 1182 2333 ec
1197 2291 1245 2348 pe-

72 2363 165 2421 minis
186 2352 357 2444 (syllabis),
388 2363 471 2421 1652
501 2365 621 2422 creticus
647 2365 679 2422 in
700 2366 807 2423 nostris
829 2367 856 2424 sl
878 2366 953 2424 leuia
975 2366 1107 2424 carmina
1127 2381 1247 2437 poupas

72 2468 148 2508 raro
161 2452 314 2518 invenitur,
336 2453 419 2510 1669
435 2452 564 2511 heroicus
577 2455 680 2519 omnis,
696 2454 780 2512 1713
796 2454 864 2512 inde
877 2455 952 2512 duas
966 2454 1067 2527 tmpus
1075 2470 1131 2525 pes
1145 2454 1245 2511 tertius

74 2540 165 2610 efficit
182 2542 300 2614 inpru,
326 2540 411 2598 1724
428 2545 531 2613 partes
553 2541 644 2608 heroi,
671 2542 756 2600 1760
778 2543 845 2600 iude
868 2543 943 2600 duas
959 2545 1129 2614 promptum
1147 2545 1189 2600 est
1205 2542 1247 2599 sic
1291 2529 1295 2537 ’

73 2645 225 2688 runanere
243 2630 348 2696 breues,
369 2629 454 2688 1778
474 2631 588 2688 cludere
605 2647 716 2689 comma
728 2632 892 2703 priosum
911 2632 1029 2689 timuere
1047 2631 1134 2697 breui,
1160 2629 1244 2687 1857

74 2719 107 2773 ut
126 2722 167 2776 cst
185 2719 387 2791 anapaesticus
404 2720 468 2784 istc,
494 2719 577 2777 1867
603 2719 717 2792 spllabu
740 2720 838 2792 lonpa,
861 2721 921 2778 siue
940 2723 980 2779 est
1001 2721 1125 2786 natura,
1144 2735 1195 2777 seu
1212 2718 1248 2788 777

76 2805 111 2863 ao
137 2807 289 2879 adpositis,
310 2807 396 2866 1868
414 2808 470 2878 fiat
486 2807 669 2879 paenultima
688 2808 786 2880 loppa,
807 2808 893 2867 1870
906 2808 1022 2880 produc
1034 2825 1130 2879 paene
1147 2821 1246 2878 supre-

74 2910 164 2961 mam,
180 2896 263 2954 1881
280 2897 437 2968 deprensus
450 2897 482 2954 in
494 2898 552 2954 imo
567 2899 615 2963 cst,
633 2897 717 2956 1953
731 2898 833 2969 prima
847 2898 997 2969 sequentis
1017 2892 1117 2970 [2056
1134 2895 1246 2967 apcius-

77 2999 162 3042 sonos
183 3002 238 3060 per
260 2984 446 3059 hypostasim
471 2984 693 3043 substantivum
716 2981 780 3060 fit]‚
809 2986 892 3044 2181
920 2989 985 3043 orta
1010 2985 1130 3049 iambis,
1160 2983 1245 3039 2198

73 3088 172 3141 parua
189 3074 317 3146 lonpam
337 3073 424 3132 2230
442 3074 565 3132 seeundo
584 3077 609 3130 et
627 3075 733 3133 talibus
752 3065 867 3153 (locis),
891 3073 975 3131 2247
996 3073 1139 3138 berclaus,
1159 3072 1246 3130 2250
1305 3094 1310 3104 ·

78 3161 222 3234 dactylum
241 3165 293 3220 aut
311 3163 488 3221 contrarium
506 3151 652 3242 (pedem),
672 3163 757 3221 2875
779 3163 973 3221 catalecticum
991 3178 1166 3233 supremam,
1186 3159 1247 3218 alia

77 3249 179 3308 multo.

165 3337 301 3397 Alterius
325 3340 426 3397 autem
449 3337 567 3414 generis
591 3338 712 3414 plurimi
735 3341 806 3398 sunt
827 3339 1003 3410 nominativi
1026 3341 1057 3396 et
1080 3336 1245 3397 accusativi

78 3426 202 3498 pluralis
221 3431 396 3486 neutrorum
422 3431 469 3486 ut:
499 3428 538 3486 61
560 3445 680 3500 aspum,
705 3430 744 3487 69
764 3429 923 3494 recondita,
951 3428 992 3486 82
1011 3427 1161 3493 sublimia,
1183 3428 1245 3485 228

79 3514 155 3574 tirio
169 3514 274 3583 Graia,
295 3516 358 3575 325
377 3531 450 3582 mea,
471 3517 534 3576 326
549 3517 705 3588 culpanda,
726 3517 789 3576 338
806 3513 929 3583 Graeca,
949 3517 1012 3575 345
1027 3515 1120 3572 multa
1137 3519 1246 3580 nostra,

83 3605 163 3663 1062
172 3622 273 3676 proca
287 3605 331 3663 uel
344 3608 430 3671 recta,
451 3605 537 3664 1510
550 3605 651 3672 multa,
672 3606 756 3664 1603
770 3605 913 3678 plurima,
934 3605 1019 3663 1604
1033 3621 1143 3676 pauca,
1160 3603 1244 3660 1647

81 3697 150 3760 octa,
168 3694 251 3752 1869
267 3698 368 3760 cetera,
384 3694 471 3754 2130
485 3695 583 3753 dulcia
590 3697 709 3767 ponpis,
726 3695 810 3752 2227
826 3695 930 3760 diuisa,
946 3693 1033 3751 2740
1047 3693 1109 3750 iam
1122 3693 1247 3749 tractatu

81 3785 208 3848 77777777,
228 3783 314 3841 2803
334 3786 435 3841 cetera
473 3781 603 3840 Casuum
622 3785 723 3841 autem
747 3782 931 3857 reliquorum
955 3782 1008 3839 hos
1035 3779 1154 3838 tantum
1172 3776 1247 3834 mihi

81 3869 231 3929 adnotavi:
257 3871 297 3929 68
316 3889 352 3930 ne
372 3874 502 3929 contenta
520 3872 558 3930 sit
575 3873 679 3938 767777,
699 3872 762 3930 326
783 3872 853 3944 puin
870 3872 968 3930 statim
986 3867 1133 3940 7777777777
1151 3865 1247 3925 delens

77 3961 230 4029 prodeam
242 3961 327 4019 rectis
341 3961 442 4026 mcum,
452 3960 514 4018 351
527 3976 615 4032 quam
624 3959 716 4020 multa
729 3963 830 4020 nostra
841 3959 962 4019 Graeds
975 3975 1034 4016 non
1047 3957 1246 4030 respondeant.

166 4147 193 4212 1)
210 4144 312 4201 Itidem
326 4144 404 4200 Hirt:
426 4143 489 4200 ‘Die
506 4144 834 4214 substantivierung-dsr
849 4142 1000 4214 Adjektiva
1014 4143 1062 4197 bei
1077 4141 1243 4208 Quintilinu’

84 4214 133 4270 duo
150 4217 250 4271 talium
270 4216 510 4271 substantivorum
533 4231 639 4286 genera
656 4216 796 4271 disceruit.
835 4215 890 4271 Sed
914 4232 963 4286 per
986 4214 1093 4285 species
1117 4213 1247 4282 exempla

83 4287 223 4413 dgspggers
241 4288 295 4342 boc
313 4288 377 4342 loco
395 4304 451 4342 non
471 4303 542 4356 opus
556 4288 607 4341 est.
634 4287 760 4341 Conlerri
773 4289 868 4356 potest
881 4287 929 4342 777.
944 4285 1063 4340 Mueller
1078 4283 1117 4337 11²
1130 4301 1177 4354 pp.
1193 4289 1245 4336 596

84 4371 97 4410 θ
175 4403 181 4416 .
