2904 4830
6 4229 20 4276 b

401 196 443 252 De
462 195 626 251 Terentiaui
644 213 769 252 sermone
788 197 817 252 et
836 199 937 254 aetate.

64 369 110 428 et
129 367 162 426 in
181 367 257 428 libro
277 364 416 443 secundo,
434 383 522 442 quem
541 367 620 426 sanic
638 365 789 426 confectus
808 366 983 444 composuit,
1000 366 1087 426 haec:

203 511 267 570 294
294 525 387 570 sermo
404 509 556 584 siplunus
568 510 698 582 pedestri
714 526 745 569 se
763 513 836 569 tenet
851 511 1004 578 modestia,

204 600 265 658 295
294 599 463 672 deputandi·
481 615 564 672 quem
582 601 706 657 tenerem
723 599 860 658 doctiores
878 602 1035 674 imperant,

294 687 383 747 verbu
400 688 427 746 si
442 703 501 745 non
519 689 647 760 appetita
664 705 716 746 nec
732 692 842 747 rernotu
854 690 1007 762 plurimis,

294 778 345 836 sed
361 777 422 850 sere
440 778 600 858 communis
615 794 688 836 usus
706 781 732 834 et
749 781 845 836 tumen
861 795 922 837 non
937 779 1022 837 obuia

295 867 434 925 carminis
451 869 569 924 servum
584 865 733 934 bmmrem,
751 883 810 924 nen
827 869 947 926 iacentis
965 868 1084 934 cantici,

294 972 349 1028 quo
366 955 551 1028 supersidens
569 958 678 1028 trapetc
696 956 782 1028 sipna
796 957 879 1029 pyris
896 959 1045 1029 temperet,

204 1046 268 1104 300
296 1043 420 1118 (suffieit
436 1045 528 1102 citare
546 1043 624 1102 labes
643 1047 669 1101 et
686 1060 785 1103 eurem
801 1045 947 1114 sordibus,

286 1149 345 1208 pro
363 1135 442 1191 datu
458 1149 557 1190 rerum
575 1125 707 1212 dolare)
727 1133 834 1192 bneum
850 1134 938 1207 fundi
949 1151 1069 1207 parem,

291 1223 412 1282 liberum
429 1221 541 1280 scholae
558 1222 663 1288 nitere,
681 1223 757 1281 unns
774 1226 890 1282 mutum
906 1223 993 1290 stola

291 1327 365 1385 quoe
383 1315 479 1384 tropos
496 1327 594 1376 munes
611 1311 757 1384 relinquat
774 1315 801 1370 et
816 1312 942 1386 neperbu
960 1313 1117 1382 scbnnutu,

291 1400 439 1475 neplepens
456 1402 490 1457 ut
505 1401 621 1458 sanet·
609 1417 677 1474 ipsu
696 1399 812 1459 laudem
831 1401 867 1460 ab
885 1403 996 1462 incultu
1013 1401 1105 1475 ferat)

203 1580 265 1637 311
294 1578 371 1637 lune
387 1577 504 1636 eadm
521 1579 548 1636 si
566 1579 731 1651 competenti
742 1577 866 1651 pertulit
883 1581 970 1640 ductu
987 1579 1084 1646 stilus,

292 1669 352 1726 sice
363 1668 483 1740 proviso
502 1670 598 1725 tencre
616 1667 699 1726 cessit
716 1667 830 1738 effeetus
848 1667 944 1735 labor,

293 1758 392 1816 acrius
409 1757 590 1829 suspendite
607 1757 665 1815 esta
679 1798 777 1817 .....

167 1898 251 1958 Haec
270 1901 371 1958 antem
390 1897 509 1973 quando
534 1897 646 1973 scripta
669 1898 729 1958 siut
751 1917 819 1958 cum
841 1898 1009 1975 quaeritur,
1032 1899 1106 1958 mihi
1129 1899 1250 1976 quidem

72 2008 114 2048 ea
139 1990 239 2062 astam
257 1987 306 2046 cni
324 1986 447 2046 Schultz
467 1986 679 2046 Terentianum
701 1987 841 2047 attribuit
859 1988 1017 2064 aptissima
1034 1987 1154 2047 ridetur
1177 2008 1250 2048 esse.

68 2077 156 2142 Nam
174 2095 241 2135 enm
259 2077 319 2135 iam
337 2074 436 2135 medio
456 2076 574 2135 saeculo
592 2076 682 2137 tertio
703 2077 794 2136 etiem
808 2075 905 2154 IOtos,
923 2077 974 2153 qui
993 2076 1162 2136 diutissime
1180 2077 1250 2136 sim·

74 2165 189 2242 pliesm
203 2167 234 2226 et
248 2165 393 2226 sinceram
408 2165 574 2225 orationem
588 2167 838 2240 conservaverint,
852 2167 950 2242 magis
965 2166 1122 2244 magisque
1136 2168 1249 2227 colores

70 2254 241 2314 rhetoricos
264 2245 439 2333 inducere⁸)
462 2253 631 2329 videamus,
649 2254 847 2314 Terentianus
870 2255 977 2314 melius
1003 2255 1163 2332 iudicavit,
1183 2275 1250 2314 eum

70 2343 157 2403 idem
177 2344 298 2417 sentiat,
318 2344 397 2420 qnod
415 2343 529 2402 Fronto
551 2338 599 2402 his
620 2344 719 2404 verbis
738 2336 932 2425 praeeipit³):
955 2362 1100 2404 mmmmm
1119 2345 1248 2418 eloquen-

71 2436 134 2492 tiae
148 2450 241 2507 penus
254 2437 295 2493 est
312 2435 347 2492 de
364 2433 535 2492 sublimibus
552 2435 714 2508 mupnirtce,
728 2436 763 2493 de
782 2435 959 2494 tenuioribus
976 2434 1131 2508 frupaliter
1145 2436 1247 2495 dicere.
1277 2509 1281 2517 μ

73 2524 121 2581 Ao
149 2541 216 2582 cum
243 2521 402 2582 Frontonis
430 2521 563 2581 studium
591 2521 780 2600 antiquitatis
812 2523 926 2582 modice
958 2523 1105 2597 imitetur,
1135 2522 1249 2600 Apulei

73 2630 187 2671 novum
218 2611 337 2686 stilum,
364 2610 493 2670 fortasse
525 2610 605 2687 quod
633 2613 733 2671 aetate
764 2612 826 2671 iam
856 2613 1014 2687 provectus
1047 2613 1127 2688 erat,
1158 2613 1247 2688 plane

76 2703 254 2775 aspernatus
277 2703 324 2759 est
346 2702 377 2759 st
400 2700 521 2759 liberum
543 2700 656 2760 scholae
677 2703 782 2770 nitore,
805 2700 1050 2778 turbatorum,
1078 2719 1246 2760 sermonem

80 2789 233 2864 appetivit.

164 2878 252 2938 Nam
275 2877 486 2937 Terentiaui
515 2897 628 2939 sermo
655 2879 878 2939 cottidianus
906 2883 962 2940 eet
988 2877 1131 2956 poetico
1160 2897 1248 2954 quo·

76 2965 155 3026 dam
170 2968 292 3028 colore
305 2967 493 3027 infucatus
509 2971 545 3027 et
557 2968 880 3044 perpaucisverbis
891 2969 1051 3030 vetustis
1065 2986 1248 3043 aspersus.

165 3056 287 3116 Etenim
304 3073 381 3132 quae
399 3055 595 3117 inveniuntur
609 3057 750 3117 orationis
769 3057 903 3132 artificia,
919 3058 1015 3133 magis
1034 3057 1148 3117 usitata
1162 3061 1249 3116 eraut

75 3148 108 3204 et
135 3149 169 3204 nt
195 3144 239 3204 ita
263 3144 360 3204 dicam
383 3145 463 3205 ultro
486 3146 704 3220 profluxerunt,
732 3165 822 3223 quam
845 3148 910 3205 arte
934 3148 965 3206 et
988 3146 1087 3205 studio
1111 3147 1248 3223 quaesita

77 3225 189 3312 sunu).
217 3233 297 3295 Lare
312 3233 431 3295 omniuo
445 3235 623 3312 plerumque
638 3235 836 3295 Terentianus
851 3235 1008 3296 enuntiata
1025 3235 1137 3294 adserit
1150 3254 1248 3311 neque

76 3325 214 3382 veterum
233 3323 435 3382 Romanorum
454 3324 492 3383 ad
512 3324 664 3400 exemplar
681 3324 837 3401 particulis
857 3328 911 3384 aut
928 3325 1102 3401 pronomine
1119 3324 1247 3384 relativo

77 3431 134 3487 pro
154 3412 388 3472 demonstrativo
406 3412 505 3487 posito
525 3414 689 3473 sententias
705 3415 905 3474 conecteret
878 3413 986 3473 et.ndet
1019 3413 1121 3488 Atque
1135 3412 1225 3472 t'ota
1216 3431 1248 3470 ιιι

73 3499 234 3558 verborum
254 3503 408 3562 structura
424 3519 473 3560 ars
494 3520 529 3560 ea
552 3501 616 3560 fere
638 3521 671 3561 re
696 3502 879 3576 continetur,
904 3504 940 3561 ut
962 3501 1014 3562 ubi
1036 3501 1130 3561 verba
1151 3500 1249 3560 libera

75 3607 174 3664 nsque
193 3589 283 3649 rebus
302 3589 392 3649 nimis
411 3589 556 3650 adstricta
575 3593 645 3650 suut
632 3590 734 3650 thina
753 3610 830 3650 enun
833 3591 910 3651 tiata
927 3591 1006 3651 iuter
1025 3609 1057 3650 se
1076 3591 1246 3666 coniungat.

77 3677 157 3736 Nam
190 3683 225 3737 ut
258 3677 346 3738 solito
379 3678 558 3754 scriptorum
585 3679 788 3741 Romanorum
815 3699 898 3739 more
926 3699 1026 3739 rerum
1052 3678 1246 3738 bimembrem

75 3767 331 3826 enumerationem
349 3770 441 3842 amat,
459 3766 505 3827 ita
523 3769 618 3828 oratio
638 3769 666 3828 ei
685 3768 830 3844 bipartita
848 3769 880 3827 in
898 3768 1013 3828 deliciis
1033 3771 1087 3827 est.

164 3956 192 4025 1)
211 3953 287 4010 Coni.
315 3954 479 4023 Buecheler3
508 3955 542 4011 cf
561 3953 618 4012 Oie.
637 3955 673 4011 de
698 3972 737 4011 or.
752 3955 777 4009 11
796 3961 861 4022 §54
888 3971 973 4024 nequer
998 3953 1148 4025 perpolivit
1174 3955 1249 4060 illud
1284 4021 1286 4026 Ι

72 4041 168 4098 pensu,
186 4028 233 4082 sed
252 4068 259 4082 .
279 4070 285 4083 .
305 4069 311 4082 .
333 4068 339 4081 .
358 4029 429 4082 sieut
444 3998 540 4110 pbtuit·
554 4028 666 4110 dolavit.

162 4100 190 4164 a)
210 4098 253 4155 cf.
272 4099 355 4166 Kalb,
374 4099 407 4154 R.
421 4099 447 4153 J.
465 4098 581 4167 passim,
599 4097 783 4168 imprimisp.
800 4103 860 4153 132.

165 4171 239 4238 ap
256 4174 306 4223 rm
325 4140 429 4224 seber.

161 4244 190 4308 4)
208 4239 247 4295 Ut
264 4239 515 4306 adnominationes,
531 4257 594 4295 eum
608 4239 656 4296 vix
669 4239 700 4294 in
712 4238 801 4294 ternis
814 4239 908 4295 verbis
921 4240 1108 4307 inveniantur,
1122 4237 1245 4322 plerum-

75 4327 128 4380 que
147 4310 280 4366 lortnitae
299 4313 378 4381 suut,
397 4314 448 4366 aut
465 4311 558 4382 magis
577 4327 660 4366 seusu
678 4311 797 4366 ducente
820 4329 905 4380 quum
925 4312 961 4366 de
979 4308 1118 4368 industria
1135 4309 1246 4380 positae
1304 4368 1307 4373 ,

76 4383 187 4454 praeter
203 4382 388 4453 prooemium,
405 4382 436 4437 iu
454 4397 510 4451 qno
528 4382 641 4452 saepius
659 4381 849 4439 inveniuntur.
