2904 4830
407 169 448 222 De
466 167 626 223 Terentiani
644 183 769 223 sermone
787 167 817 222 61
835 167 937 222 661616.
1193 163 1258 229 323

30 341 249 414 similinus
272 339 330 411 lege
346 339 491 410 probatem
510 329 569 418 (ε
588 335 727 396 similiter
746 329 842 414 lege),
869 336 953 394 1221
973 335 1131 408 spmedenrn
1148 333 1262 407 qnolem

33 421 125 510 (-—-
160 419 218 508 ut)
239 429 373 501 geminae
394 427 485 500 fecere
502 428 633 500 priores,
663 427 747 484 1236
767 425 875 484 similes
893 415 950 505 (=
971 415 1122 502 similiter)
1149 425 1262 497 formos

34 522 168 592 quot,
196 517 282 576 1447
301 533 354 576 nec
370 517 468 576 minos
485 516 621 589 frequens
637 515 752 574 iambus
770 514 937 588 tribrachyn
955 529 989 573 erc
1006 529 1037 572 se
1060 516 1151 579 meat,
1177 513 1261 571 1623

42 607 238 681 spondens
250 607 422 680 plermnone
439 607 472 664 in
490 605 623 679 dactylon
638 605 700 682 ibit,
717 619 769 662 nec
784 603 902 662 interest
920 645 927 661 .
942 649 948 661 .
964 646 993 661 ..
1013 619 1102 675 onam
1118 603 1263 675 frequens,

47 697 182 756 1903
202 696 289 769 lerion
307 695 402 754 solnta
420 698 473 771 est,
492 694 596 755 similis
618 710 670 752 nec
693 694 791 752 minus
814 692 920 760 ultera,
941 693 1026 750 2127
1040 691 1190 766 6116616616
1212 689 1263 748 loc

38 783 308 860 pentasonae
330 783 441 844 telluris
458 783 596 842 clmnnns
614 772 767 862 (Theocr.)
787 782 874 840 2132
893 784 991 840 noster
1008 797 1097 839 rcrns
1116 795 1146 839 eo
1159 782 1264 853 ponor

49 877 195 952 Maro,
214 875 300 932 2189
316 873 482 946 brevemque
495 873 596 932 crebra
611 871 803 944 consequendo
817 870 944 944 nmen
960 871 1044 929 2229
1060 885 1161 928 veram
1173 885 1264 927 raras

50 967 197 1030 intrat,
224 963 563 1034 22786661161661616
586 949 793 1040 (antecedens)
815 960 883 1018 telis
906 954 963 1039 (π
982 957 1038 1017 hoc
1060 946 1162 1036 modo)
1187 958 1265 1031 efflei

49 1056 191 1128 potest,
212 1052 298 1110 2387
313 1054 411 1109 reniet
428 1055 560 1110 enternns
578 1051 642 1108 licet
653 1066 708 1123 pes
727 1049 925 1124 antibacclms,
946 1048 1031 1107 2607
1047 1047 1149 1106 rndern
1162 1062 1265 1104 sonum

60 1131 183 1202 serrati
202 1133 243 1221 (si
261 1141 341 1198 reete
360 1138 436 1198 illud
453 1141 543 1199 secati
561 1137 751 1214 interpretor,
770 1139 872 1196 rnclem
884 1155 939 1212 pro
953 1138 1022 1196 radi
1035 1127 1265 1213 maledicitur),

66 1232 180 1291 2539
201 1246 277 1303 once
288 1231 375 1302 potni
391 1230 490 1288 videor
508 1232 647 1287 tractasse
664 1218 803 1306 secrso1),
823 1228 908 1285 2682
928 1226 1004 1285 tnnc
1021 1229 1119 1284 661661
1135 1223 1266 1283 stabilem

63 1321 211 1380 modern
230 1307 318 1398 (haec
337 1318 472 1393 enallage
490 1315 609 1393 poetica
633 1308 707 1397 661),
732 1315 923 1376 2690161661
945 1331 1059 1375 casnm
1082 1315 1179 1374 seroot
1195 1329 1265 1386 pcr-

59 1413 225 1484 6616616,
254 1409 445 1466 2692616111
468 1408 635 1466 continuem
659 1405 802 1466 consimili
819 1406 912 1471 mede,
933 1405 1015 1464 2721
1038 1421 1121 1477 onan
1143 1402 1266 1462 similem

68 1499 243 1572 componet
261 1513 295 1556 ero
313 1498 418 1572 tribas,
443 1497 528 1554 2842
547 1497 643 1555 insero
667 1513 732 1568 ergo
754 1496 877 1568 spondeo
899 1495 1026 1553 medinm
1044 1482 1119 1574 (6611.
1139 1507 1265 1566 anapae-

72 1577 192 1666 stum)
217 1589 302 1658 otone
323 1587 510 1658 consequenti.
546 1584 708 1644 Praeterea
730 1582 903 1643 adverbium
927 1582 1007 1658 quod
1031 1584 1078 1640 661
1100 1582 1194 1640 solnm
1218 1598 1266 1638 me

71 1675 206 1750 legisse
225 1693 283 1734 non
303 1673 424 1732 memini
442 1674 552 1748 itaque,
568 1692 634 1731 oum
653 1672 833 1733 adieetivum
852 1690 940 1747 saepe
959 1669 1130 1731 inveniatur
1143 1672 1178 1728 61
1194 1671 1266 1745 219,

79 1764 194 1837 1044,
212 1765 305 1838 1060,
323 1764 415 1837 1097,
434 1763 527 1840 1136,
545 1763 639 1839 1649,
654 1763 750 1837 2032,
768 1763 862 1820 sclmn
875 1761 963 1821 etiam
979 1759 1012 1818 in
1026 1779 1072 1820 vv.
1083 1760 1155 1836 917,
1171 1758 1267 1833 2614,

81 1854 186 1913 2670
205 1870 259 1927 pro
278 1852 423 1912 611661166
442 1851 579 1910 neutrius
598 1851 716 1929 generis
735 1851 904 1910 habendum
924 1849 1106 1910 66161166.
1123 1851 1196 1924 219,
1216 1845 1267 1904 ubi

79 1943 124 2001 M
143 1941 224 2000 falso
242 1942 305 2000 solo
322 1940 461 2016 praebet,
480 1939 615 1999 86616611
633 1939 803 1999 comestura
821 1940 899 1999 soloe
915 1938 1058 1998 maiorem
1077 1956 1167 2014 quam
1185 1936 1267 1994 Bris-

87 2019 718 2109 66616616666161661116166161116612).
755 2028 868 2088 Eodem
895 2031 996 2087 autem
1020 2027 1164 2104 pertinet,
1189 2023 1268 2101 quod

91 2118 247 2179 adieetiva
265 2118 417 2177 interdum
436 2136 496 2177 non
514 2116 553 2177 61
572 2136 626 2176 666
644 2118 799 2190 voeabula,
818 2117 870 2176 661
889 2116 927 2175 61
945 2117 1114 2176 subiectum
1132 2114 1267 2173 referun-

90 2213 159 2282 tur,
178 2211 212 2267 61
232 2210 315 2266 1211
336 2209 479 2280 spondens
492 2209 599 2281 plenus
617 2208 751 2266 reddetur
770 2207 943 2279 tenrporibns
956 2222 1010 2279 pes
1029 2195 1127 2286 (Sunt.
1146 2203 1266 2262 Lachm.

91 2297 168 2356 Keil
175 2287 297 2377 plenis),
314 2297 398 2356 1646
410 2315 454 2373 sq.
469 2301 495 2355 et
508 2291 665 2369 introiret
675 2312 763 2368 aeone
774 2311 865 2370 penne
876 2296 1141 2360 estPceoniccrmn,
1155 2293 1269 2352 totidem

86 2387 219 2460 pedibas
237 2388 307 2458 onia
324 2387 427 2445 cerins
446 2389 569 2458 tempore
587 2385 692 2456 differt.

189 2472 247 2532 Sed
269 2475 301 2532 in
327 2473 504 2550 gradatione
528 2473 744 2533 adieetivorum
767 2472 965 2531 Terentianus
990 2473 1062 2531 satis
1089 2473 1209 2531 cautum
1236 2488 1269 2529 se

93 2563 237 2640 praebet,
255 2566 290 2622 61
308 2563 507 2639 posteriorum
525 2562 665 2622 licentiae
685 2561 748 2620 fere
768 2579 869 2620 omnes
890 2552 1029 2640 desint3).
1065 2560 1171 2636 Neque
1189 2559 1269 2617 enim

94 2651 256 2729 genetivus
275 2652 516 2728 comparationis,
530 2671 618 2727 quem
636 2651 695 2709 iarn
709 2649 855 2726 Apuleius
875 2653 906 2709 61
920 2649 1124 2708 Tertullianus
1133 2638 1161 2727 4)
1179 2651 1269 2725 61666

98 2741 192 2800 etiam
210 2739 391 2816 Papinianus
411 2742 442 2799 61
461 2739 604 2799 Scaevola
620 2731 717 2818 111115)
737 2739 889 2816 praebent,
908 2757 1004 2814 neque
1023 2741 1092 2814 post
1115 2754 1268 2812 compara·

96 2831 196 2891 tivum
214 2829 396 2906 praepositio
411 2847 438 2906 6,
452 2847 530 2906 6666
548 2827 617 2887 1616
631 2830 669 2887 61)
683 2825 816 2886 Arnobio
833 2826 982 2903 Cypriane
997 2825 1154 2885 Lactantio
1169 2826 1265 2884 Α666.

97 2918 256 2996 physiogn.
274 2919 398 2994 legitur,
416 2919 496 2993 apud
512 2917 724 2976 Terentianum
738 2916 932 2977 inveniuntur
948 2947 987 2957 -
1005 2914 1124 2976 omnino
1139 2913 1270 2972 Punicae

97 3008 291 3084 Graeoaeque
309 3006 545 3066 constructiones
565 3006 684 3080 desunt,
709 3006 767 3064 nisi
785 3006 832 3065 616
850 3007 926 3080 focio
945 3023 1012 3063 cum
1031 3021 1089 3064 ace.
1110 3006 1140 3061 et
1158 3002 1210 3060 inf.
1231 3002 1269 3059 61

97 3096 230 3156 Graecae
244 3096 367 3172 linguae
380 3095 578 3156 imitationem
593 3095 706 3154 referre
723 3117 776 3170 -3
796 3111 891 3170 neque
906 3092 1100 3168 superlativis
1114 3089 1270 3151 immodice

97 3203 173 3245 usus
189 3188 243 3262 661,
257 3188 292 3244 61
300 3184 448 3260 Ulpianus
454 3176 490 3265 6).
515 3183 699 3260 Quamquam
711 3183 806 3246 semel
820 3182 999 3259 particulam
1013 3187 1074 3243 tem
1088 3184 1157 3241 ante
1168 3199 1272 3258 super·

98 3273 228 3333 lativum
242 3275 343 3348 posuit
352 3265 431 3354 (346
448 3275 540 3333 enitns
553 3291 624 3333 nam
636 3277 736 3333 nostro
751 3274 852 3348 linono
864 3291 922 3332 non
933 3275 1011 3347 capit
1024 3277 1084 3332 tom
1093 3261 1272 3350 plurimos);

99 3425 212 3480 Adverb
229 3425 391 3494 insonanter,
409 3441 496 3494 saepe,
516 3425 608 3480 crebro
626 3424 796 3492 verbunden,
815 3422 883 3478 aber
900 3423 982 3478 nicht
998 3423 1028 3477 in
1047 3423 1140 3492 Benng
1159 3423 1211 3476 auf
1226 3421 1272 3478 ein

100 3496 285 3566 Saclssnljelrt.
322 3493 506 3550 Terentianus
530 3499 626 3558 tamen
649 3495 765 3552 lieentia
789 3493 903 3564 poetica
925 3513 991 3550 usus
1014 3495 1142 3564 frequens
1164 3492 1208 3547 bis
1230 3492 1272 3546 ita

100 3568 254 3694 66666661,
274 3567 308 3622 61.
328 3581 413 3636 supra
430 3568 511 3637 (1447
531 3569 559 3622 61
579 3569 671 3638 1623);
696 3568 851 3637 frequenter
871 3572 931 3633 137,
951 3571 1028 3633 1620,
1049 3570 1126 3633 1606,
1146 3568 1215 3619 2666
1235 3561 1272 3618 61.

120 3657 138 3694 6
158 3654 196 3695 a.

193 3711 220 3779 1)
238 3707 421 3763 Terentianus
439 3709 503 3764 1666
522 3708 662 3778 adverbii,
682 3726 737 3777 quo
756 3709 921 3779 plerumque
945 3707 1095 3776 scriptores
1115 3703 1210 3759 Latini
1227 3705 1273 3759 usi

103 3783 175 3850 sunt,
194 3797 305 3850 semper
322 3780 492 3837 adieetivum
510 3780 598 3835 habet
622 3782 744 3851 (praeter
762 3782 836 3836 hunc
854 3780 947 3834 locum
966 3784 1008 3846 87,
1024 3782 1084 3846 698,
1104 3779 1179 3846 990),
1197 3776 1273 3845 6661

102 3851 220 3923 singulis
238 3851 308 3907 locis
328 3870 373 3923 ap.
393 3852 528 3908 Catonem
547 3854 576 3906 et
593 3851 697 3908 Aaron.
718 3853 819 3908 exstat.

191 3924 219 3991 2)
237 3921 344 3978 Gellius
364 3923 451 3982 ooties
469 3941 528 3980 non
545 3923 619 3980 eolna
634 3953 668 3966 -
687 3925 733 3980 secl
750 3925 832 3980 etiam
851 3922 931 3992 dixit,
951 3921 985 3978 of.
1001 3922 1107 3991 Gorgos
1121 3938 1148 3990 p.
1164 3925 1207 3987 23,
1223 3917 1273 3972 661

103 3998 156 4050 boc
175 3995 260 4048 etiam
280 3993 335 4050 016.
354 3995 449 4064 habet,
470 3996 503 4050 61.
522 3995 611 4052 Krebs
630 3997 659 4050 in
679 3996 818 4052 6.·661661.

191 4063 278 4135 3)(11.
298 4065 453 4135 Woelfflin,
474 4065 719 4136 ‘Komparation'.

190 4139 218 4205 4)
238 4136 278 4192 Ol.
299 4137 374 4206 Sitti,
395 4136 462 4193 ‘Die
473 4139 539 4194 ·lok.
559 4138 686 4194 Versoh!
711 4157 738 4207 p.
756 4143 807 4192 114
826 4140 855 4193 61
873 4137 917 4192 W.
933 4138 966 4192 A.
980 4135 1046 4205 Vll,
1062 4139 1121 4202 120,
1142 4139 1191 4186 131
1203 4149 1274 4203 sqq„

105 4215 155 4264 595
166 4225 220 4349 sqb.)
238 4276 278 4334 Oi.
297 4277 417 4350 Leipold
435 4299 462 4350 p.
477 4286 520 4336 46.

192 4356 219 4418 6)
238 4349 280 4406 cf.
299 4348 382 4420 Kalb,
400 4351 472 4406 111.
491 4370 519 4420 p.
536 4355 594 4407 132.

1026 4443 1060 4493 22
